@article{swierstra2008data,
  author    = {Wouter Swierstra},
  title     = {Data types {\`{a}} la carte},
  journal   = {J. Funct. Program.},
  volume    = {18},
  number    = {4},
  pages     = {423--436},
  year      = {2008},
  url       = {https://doi.org/10.1017/S0956796808006758},
  doi       = {10.1017/S0956796808006758},
  timestamp = {Sat, 27 May 2017 14:24:34 +0200},
  biburl    = {https://dblp.org/rec/journals/jfp/Swierstra08.bib},
  bibsource = {dblp computer science bibliography, https://dblp.org}
}


@InProceedings{keuchel2013generic,
  author    = {Steven Keuchel and
               Tom Schrijvers},
  editor    = {Jacques Carette and
               Jeremiah Willcock},
  title     = {Generic datatypes {\`{a}} la carte},
  booktitle = {Proceedings of the 9th {ACM} {SIGPLAN} workshop on Generic programming,
               {WGP} 2013, Boston, Massachusetts, USA, September 28, 2013},
  pages     = {13--24},
  publisher = {{ACM}},
  year      = {2013},
  url       = {https://doi.org/10.1145/2502488.2502491},
  doi       = {10.1145/2502488.2502491},
  timestamp = {Tue, 06 Nov 2018 16:59:25 +0100},
  biburl    = {https://dblp.org/rec/conf/icfp/KeuchelS13.bib},
  bibsource = {dblp computer science bibliography, https://dblp.org}
}

@proceedings{DBLP:conf/icfp/2013wgp,
  editor    = {Jacques Carette and
               Jeremiah Willcock},
  title     = {Proceedings of the 9th {ACM} {SIGPLAN} workshop on Generic programming,
               {WGP} 2013, Boston, Massachusetts, USA, September 28, 2013},
  publisher = {{ACM}},
  year      = {2013},
  url       = {https://doi.org/10.1145/2502488},
  doi       = {10.1145/2502488},
  isbn      = {978-1-4503-2389-5},
  timestamp = {Tue, 06 Nov 2018 16:59:25 +0100},
  biburl    = {https://dblp.org/rec/conf/icfp/2013wgp.bib},
  bibsource = {dblp computer science bibliography, https://dblp.org}
}


@InProceedings{delaware2013meta,
  author    = {Benjamin Delaware and
               Bruno C. d. S. Oliveira and
               Tom Schrijvers},
  editor    = {Roberto Gicobazzi and
               Radhia Cousot},
  title     = {Meta-theory {\`{a}} la carte},
  booktitle = {The 40th Annual {ACM} {SIGPLAN-SIGACT} Symposium on Principles of
               Programming Languages, {POPL} '13, Rome, Italy - January 23 - 25,
               2013},
  pages     = {207--218},
  publisher = {{ACM}},
  year      = {2013},
  url       = {https://doi.org/10.1145/2429069.2429094},
  doi       = {10.1145/2429069.2429094},
  timestamp = {Tue, 06 Nov 2018 11:07:43 +0100},
  biburl    = {https://dblp.org/rec/conf/popl/DelawareOS13.bib},
  bibsource = {dblp computer science bibliography, https://dblp.org}
}

@proceedings{DBLP:conf/popl/2013,
  editor    = {Roberto Giacobazzi and
               Radhia Cousot},
  title     = {The 40th Annual {ACM} {SIGPLAN-SIGACT} Symposium on Principles of
               Programming Languages, {POPL} '13, Rome, Italy - January 23 - 25,
               2013},
  publisher = {{ACM}},
  year      = {2013},
  url       = {http://dl.acm.org/citation.cfm?id=2429069},
  isbn      = {978-1-4503-1832-7},
  timestamp = {Fri, 18 Jan 2013 17:48:28 +0100},
  biburl    = {https://dblp.org/rec/conf/popl/2013.bib},
  bibsource = {dblp computer science bibliography, https://dblp.org}
}


@article{delaware2013modular,
  author    = {Benjamin Delaware and
               Steven Keuchel and
               Tom Schrijvers and
               Bruno C. d. S. Oliveira},
  editor    = {Greg Morrisett and
               Tarmo Uustalu},
  title     = {Modular monadic meta-theory},
  booktitle = {{ACM} {SIGPLAN} International Conference on Functional Programming,
               ICFP'13, Boston, MA, {USA} - September 25 - 27, 2013},
  pages     = {319--330},
  publisher = {{ACM}},
  year      = {2013},
  url       = {https://doi.org/10.1145/2500365.2500587},
  doi       = {10.1145/2500365.2500587},
  timestamp = {Tue, 06 Nov 2018 16:59:24 +0100},
  biburl    = {https://dblp.org/rec/conf/icfp/DelawareKSO13.bib},
  bibsource = {dblp computer science bibliography, https://dblp.org}
}

@book{pierce2002types,
  author    = {Benjamin C. Pierce},
  title     = {Types and programming languages},
  publisher = {{MIT} Press},
  year      = {2002},
  isbn      = {978-0-262-16209-8},
  timestamp = {Thu, 03 Feb 2011 10:51:35 +0100},
  biburl    = {https://dblp.org/rec/books/daglib/0005958.bib},
  bibsource = {dblp computer science bibliography, https://dblp.org}
}


@InProceedings{aydemir2005mechanized,
  author    = {Brian E. Aydemir and
               Aaron Bohannon and
               Matthew Fairbairn and
               J. Nathan Foster and
               Benjamin C. Pierce and
               Peter Sewell and
               Dimitrios Vytiniotis and
               Geoffrey Washburn and
               Stephanie Weirich and
               Steve Zdancewic},
  editor    = {Joe Hurd and
               Thomas F. Melham},
  title     = {Mechanized Metatheory for the Masses: The PoplMark Challenge},
  booktitle = {Theorem Proving in Higher Order Logics, 18th International Conference,
               TPHOLs 2005, Oxford, UK, August 22-25, 2005, Proceedings},
  series    = {Lecture Notes in Computer Science},
  volume    = {3603},
  pages     = {50--65},
  publisher = {Springer},
  year      = {2005},
  url       = {https://doi.org/10.1007/11541868\_4},
  doi       = {10.1007/11541868\_4},
  timestamp = {Tue, 14 May 2019 10:00:48 +0200},
  biburl    = {https://dblp.org/rec/conf/tphol/AydemirBFFPSVWWZ05.bib},
  bibsource = {dblp computer science bibliography, https://dblp.org}
}

@proceedings{DBLP:conf/tphol/2005,
  editor    = {Joe Hurd and
               Thomas F. Melham},
  title     = {Theorem Proving in Higher Order Logics, 18th International Conference,
               TPHOLs 2005, Oxford, UK, August 22-25, 2005, Proceedings},
  series    = {Lecture Notes in Computer Science},
  volume    = {3603},
  publisher = {Springer},
  year      = {2005},
  url       = {https://doi.org/10.1007/11541868},
  doi       = {10.1007/11541868},
  isbn      = {3-540-28372-2},
  timestamp = {Tue, 14 May 2019 10:00:48 +0200},
  biburl    = {https://dblp.org/rec/conf/tphol/2005.bib},
  bibsource = {dblp computer science bibliography, https://dblp.org}
}


@InProceedings{altenkirch1999monadic,
  author    = {Thorsten Altenkirch and
               Bernhard Re[us},
  editor    = {J{\"{o}}rg Flum and
               Mario Rodr{\'{\i}}guez{-}Artalejo},
  title     = {Monadic Presentations of Lambda Terms Using Generalized Inductive
               Types},
  booktitle = {Computer Science Logic, 13th International Workshop, {CSL} '99, 8th
               Annual Conference of the EACSL, Madrid, Spain, September 20-25, 1999,
               Proceedings},
  series    = {Lecture Notes in Computer Science},
  volume    = {1683},
  pages     = {453--468},
  publisher = {Springer},
  year      = {1999},
  url       = {https://doi.org/10.1007/3-540-48168-0\_32},
  doi       = {10.1007/3-540-48168-0\_32},
  timestamp = {Tue, 14 May 2019 10:00:42 +0200},
  biburl    = {https://dblp.org/rec/conf/csl/AltenkirchR99.bib},
  bibsource = {dblp computer science bibliography, https://dblp.org}
}

@proceedings{DBLP:conf/csl/1999,
  editor    = {J{\"{o}}rg Flum and
               Mario Rodr{\'{\i}}guez{-}Artalejo},
  title     = {Computer Science Logic, 13th International Workshop, {CSL} '99, 8th
               Annual Conference of the EACSL, Madrid, Spain, September 20-25, 1999,
               Proceedings},
  series    = {Lecture Notes in Computer Science},
  volume    = {1683},
  publisher = {Springer},
  year      = {1999},
  url       = {https://doi.org/10.1007/3-540-48168-0},
  doi       = {10.1007/3-540-48168-0},
  isbn      = {3-540-66536-6},
  timestamp = {Tue, 14 May 2019 10:00:42 +0200},
  biburl    = {https://dblp.org/rec/conf/csl/1999.bib},
  bibsource = {dblp computer science bibliography, https://dblp.org}
}

@InProceedings{norell2008dependently,
  author    = {Ulf Norell},
  editor    = {Andrew Kennedy and
               Amal Ahmed},
  title     = {Dependently typed programming in Agda},
  booktitle = {Proceedings of TLDI'09: 2009 {ACM} {SIGPLAN} International Workshop
               on Types in Languages Design and Implementation, Savannah, GA, USA,
               January 24, 2009},
  pages     = {1--2},
  publisher = {{ACM}},
  year      = {2009},
  url       = {https://doi.org/10.1145/1481861.1481862},
  doi       = {10.1145/1481861.1481862},
  timestamp = {Wed, 14 Nov 2018 10:58:50 +0100},
  biburl    = {https://dblp.org/rec/conf/tldi/Norell09.bib},
  bibsource = {dblp computer science bibliography, https://dblp.org}
}

@proceedings{DBLP:conf/tldi/2009,
  editor    = {Andrew Kennedy and
               Amal Ahmed},
  title     = {Proceedings of TLDI'09: 2009 {ACM} {SIGPLAN} International Workshop
               on Types in Languages Design and Implementation, Savannah, GA, USA,
               January 24, 2009},
  publisher = {{ACM}},
  year      = {2009},
  url       = {http://dl.acm.org/citation.cfm?id=1481861},
  isbn      = {978-1-60558-420-1},
  timestamp = {Tue, 22 May 2012 15:24:55 +0200},
  biburl    = {https://dblp.org/rec/conf/tldi/2009.bib},
  bibsource = {dblp computer science bibliography, https://dblp.org}
}


@article{brady2013idris,
  author    = {Edwin C. Brady},
  title     = {Idris, a general-purpose dependently typed programming language: Design
               and implementation},
  journal   = {J. Funct. Program.},
  volume    = {23},
  number    = {5},
  pages     = {552--593},
  year      = {2013},
  url       = {https://doi.org/10.1017/S095679681300018X},
  doi       = {10.1017/S095679681300018X},
  timestamp = {Sun, 21 Jun 2020 17:42:23 +0200},
  biburl    = {https://dblp.org/rec/journals/jfp/Brady13.bib},
  bibsource = {dblp computer science bibliography, https://dblp.org}}

@manual{coq-refman-20,
  author = {The {C}oq Development Team},
  comment = {Version 8.11.2 },
  title = {The {C}oq Proof Assistant Reference Manual},
  url = {http://coq.inria.fr/doc/},
  year = 2020
}

@proceedings{DBLP:conf/cpp/2020,
  editor    = {Jasmin Blanchette and
               Catalin Hritcu},
  title     = {Proceedings of the 9th {ACM} {SIGPLAN} International Conference on
               Certified Programs and Proofs, {CPP} 2020, New Orleans, LA, USA, January
               20-21, 2020},
  publisher = {{ACM}},
  year      = {2020},
  url       = {https://doi.org/10.1145/3372885},
  doi       = {10.1145/3372885},
  isbn      = {978-1-4503-7097-4},
  timestamp = {Thu, 23 Jan 2020 16:09:06 +0100},
  biburl    = {https://dblp.org/rec/conf/cpp/2020.bib},
  bibsource = {dblp computer science bibliography, https://dblp.org}
}


@article{dybjer1994inductive,
  author    = {Peter Dybjer},
  title     = {Inductive Families},
  journal   = {Formal Asp. Comput.},
  volume    = {6},
  number    = {4},
  pages     = {440--465},
  year      = {1994},
  url       = {https://doi.org/10.1007/BF01211308},
  doi       = {10.1007/BF01211308},
  timestamp = {Wed, 17 May 2017 14:25:33 +0200},
  biburl    = {https://dblp.org/rec/journals/fac/Dybjer94.bib},
  bibsource = {dblp computer science bibliography, https://dblp.org}
}


@InProceedings{schwaab2013modular,
  author    = {Christopher Schwaab and
               Jeremy G. Siek},
  editor    = {Matthew Might and
               David Van Horn and
               Andreas Abel and
               Tim Sheard},
  title     = {Modular type-safety proofs in Agda},
  booktitle = {Proceedings of the 7th Workshop on Programming languages meets program
               verification, {PLPV} 2013, Rome, Italy, January 22, 2013},
  pages     = {3--12},
  publisher = {{ACM}},
  year      = {2013},
  url       = {https://doi.org/10.1145/2428116.2428120},
  doi       = {10.1145/2428116.2428120},
  timestamp = {Tue, 06 Nov 2018 16:57:27 +0100},
  biburl    = {https://dblp.org/rec/conf/plpv/SchwaabS13.bib},
  bibsource = {dblp computer science bibliography, https://dblp.org}
}

@proceedings{DBLP:conf/plpv/2013,
  editor    = {Matthew Might and
               David Van Horn and
               Andreas Abel and
               Tim Sheard},
  title     = {Proceedings of the 7th Workshop on Programming languages meets program
               verification, {PLPV} 2013, Rome, Italy, January 22, 2013},
  publisher = {{ACM}},
  year      = {2013},
  url       = {http://dl.acm.org/citation.cfm?id=2428116},
  isbn      = {978-1-4503-1860-0},
  timestamp = {Fri, 27 Sep 2013 20:12:08 +0200},
  biburl    = {https://dblp.org/rec/conf/plpv/2013.bib},
  bibsource = {dblp computer science bibliography, https://dblp.org}
}


@article{allais2018type,
  author    = {Guillaume Allais and
               Robert Atkey and
               James Chapman and
               Conor McBride and
               James McKinna},
  title     = {A type and scope safe universe of syntaxes with binding: their semantics
               and proofs},
  journal   = {Proc. {ACM} Program. Lang.},
  volume    = {2},
  number    = {{ICFP}},
  pages     = {90:1--90:30},
  year      = {2018},
  url       = {https://doi.org/10.1145/3236785},
  doi       = {10.1145/3236785},
  timestamp = {Thu, 16 Apr 2020 13:51:48 +0200},
  biburl    = {https://dblp.org/rec/journals/pacmpl/AllaisA0MM18.bib},
  bibsource = {dblp computer science bibliography, https://dblp.org}
}

@article{mosses2004modular,
  author    = {Peter D. Mosses},
  title     = {Modular structural operational semantics},
  journal   = {J. Log. Algebraic Methods Program.},
  volume    = {60-61},
  pages     = {195--228},
  year      = {2004},
  url       = {https://doi.org/10.1016/j.jlap.2004.03.008},
  doi       = {10.1016/j.jlap.2004.03.008},
  timestamp = {Mon, 18 May 2020 12:40:24 +0200},
  biburl    = {https://dblp.org/rec/journals/jlp/Mosses04.bib},
  bibsource = {dblp computer science bibliography, https://dblp.org}
}

@article{morris2019abstracting,
  author    = {J. Garrett Morris and
               James McKinna},
  title     = {Abstracting extensible data types: or, rows by any other name},
  journal   = {Proc. {ACM} Program. Lang.},
  volume    = {3},
  number    = {{POPL}},
  pages     = {12:1--12:28},
  year      = {2019},
  url       = {https://doi.org/10.1145/3290325},
  doi       = {10.1145/3290325},
  timestamp = {Thu, 16 Apr 2020 13:51:52 +0200},
  biburl    = {https://dblp.org/rec/journals/pacmpl/MorrisM19.bib},
  bibsource = {dblp computer science bibliography, https://dblp.org}
}

@article{carette2009finally,
  author    = {Jacques Carette and
               Oleg Kiselyov and
               Chung{-}chieh Shan},
  title     = {Finally tagless, partially evaluated: Tagless staged interpreters
               for simpler typed languages},
  journal   = {J. Funct. Program.},
  volume    = {19},
  number    = {5},
  pages     = {509--543},
  year      = {2009},
  url       = {https://doi.org/10.1017/S0956796809007205},
  doi       = {10.1017/S0956796809007205},
  timestamp = {Sun, 02 Jun 2019 21:00:12 +0200},
  biburl    = {https://dblp.org/rec/journals/jfp/CaretteKS09.bib},
  bibsource = {dblp computer science bibliography, https://dblp.org}
}

@InProceedings{dockins2009fresh,
  author    = {Robert Dockins and
               Aquinas Hobor and
               Andrew W. Appel},
  editor    = {Zhenjiang Hu},
  title     = {A Fresh Look at Separation Algebras and Share Accounting},
  booktitle = {Programming Languages and Systems, 7th Asian Symposium, {APLAS} 2009,
               Seoul, Korea, December 14-16, 2009. Proceedings},
  series    = {Lecture Notes in Computer Science},
  volume    = {5904},
  pages     = {161--177},
  publisher = {Springer},
  year      = {2009},
  url       = {https://doi.org/10.1007/978-3-642-10672-9\_13},
  doi       = {10.1007/978-3-642-10672-9\_13},
  timestamp = {Mon, 15 Jun 2020 17:04:00 +0200},
  biburl    = {https://dblp.org/rec/conf/aplas/DockinsHA09.bib},
  bibsource = {dblp computer science bibliography, https://dblp.org}
}

@proceedings{DBLP:conf/aplas/2009,
  editor    = {Zhenjiang Hu},
  title     = {Programming Languages and Systems, 7th Asian Symposium, {APLAS} 2009,
               Seoul, Korea, December 14-16, 2009. Proceedings},
  series    = {Lecture Notes in Computer Science},
  volume    = {5904},
  publisher = {Springer},
  year      = {2009},
  url       = {https://doi.org/10.1007/978-3-642-10672-9},
  doi       = {10.1007/978-3-642-10672-9},
  isbn      = {978-3-642-10671-2},
  timestamp = {Tue, 14 May 2019 10:00:41 +0200},
  biburl    = {https://dblp.org/rec/conf/aplas/2009.bib},
  bibsource = {dblp computer science bibliography, https://dblp.org}
}

@article{cockx2017dependent,
  author    = {Jesper Cockx},
  title     = {Dependent Pattern Matching and Proof-Relevant Unification},
  school    = {Katholieke Universiteit Leuven, Belgium},
  year      = {2017},
  url       = {https://lirias.kuleuven.be/handle/123456789/583556},
  timestamp = {Tue, 27 Jun 2017 16:33:36 +0200},
  biburl    = {https://dblp.org/rec/phd/basesearch/Cockx17.bib},
  bibsource = {dblp computer science bibliography, https://dblp.org}
}

@inproceedings{coquand1992pattern,
  title={Pattern matching with dependent types},
  author={Coquand, Thierry},
  booktitle={Proceedings of the Workshop on Types for Proofs and Programs},
  pages={71--83},
  year={1992},
  organization={Citeseer}
}


@article{mcbride2004view,
  author    = {Conor McBride and
               James McKinna},
  title     = {The view from the left},
  journal   = {J. Funct. Program.},
  volume    = {14},
  number    = {1},
  pages     = {69--111},
  year      = {2004},
  url       = {https://doi.org/10.1017/S0956796803004829},
  doi       = {10.1017/S0956796803004829},
  timestamp = {Wed, 14 Nov 2018 10:38:39 +0100},
  biburl    = {https://dblp.org/rec/journals/jfp/McBrideM04.bib},
  bibsource = {dblp computer science bibliography, https://dblp.org}
}

@InProceedings{aydemir2005poplmark,
  author       = {Brian E. Aydemir and Aaron Bohannon and Matthew
                  Fairbairn and J. Nathan Foster and Benjamin
                  C. Pierce and Peter Sewell and Dimitrios Vytiniotis
                  and Geoffrey Washburn and Stephanie Weirich and
                  Steve Zdancewic},
  title        = {Mechanized Metatheory for the Masses: The PoplMark
                  Challenge},
  year         = 2005,
  booktitle    = {Theorem Proving in Higher Order Logics, 18th
                  International Conference, TPHOLs 2005, Oxford, UK,
                  August 22-25, 2005, Proceedings},
  pages        = {50-65},
  doi          = {10.1007/11541868\_4},
  url          = {https://doi.org/10.1007/11541868\_4},
  crossref     = {tphol/2005},
  timestamp    = {Tue, 14 May 2019 10:00:48 +0200},
  biburl       =
                  {https://dblp.org/rec/conf/tphol/AydemirBFFPSVWWZ05.bib},
  bibsource    = {dblp computer science bibliography,
                  https://dblp.org}
}

@proceedings{tphol/2005,
  editor    = {Joe Hurd and
               Thomas F. Melham},
  title     = {Theorem Proving in Higher Order Logics, 18th International Conference,
               TPHOLs 2005, Oxford, UK, August 22-25, 2005, Proceedings},
  series    = {Lecture Notes in Computer Science},
  volume    = {3603},
  publisher = {Springer},
  year      = {2005},
  url       = {https://doi.org/10.1007/11541868},
  doi       = {10.1007/11541868},
  isbn      = {3-540-28372-2},
  timestamp = {Tue, 14 May 2019 10:00:48 +0200},
  biburl    = {https://dblp.org/rec/conf/tphol/2005.bib},
  bibsource = {dblp computer science bibliography, https://dblp.org}
}

@Article{reynolds98definitional,
  author       = {John C. Reynolds},
  title        = {Definitional Interpreters for Higher-Order
                  Programming Languages},
  year         = 1998,
  volume       = 11,
  number       = 4,
  pages        = {363-397},
  doi          = {10.1023/A:1010027404223},
  url          = {https://doi.org/10.1023/A:1010027404223},
  journal      = {High. Order Symb. Comput.},
  timestamp    = {Thu, 05 Mar 2020 12:05:02 +0100},
  biburl       = {https://dblp.org/rec/journals/lisp/Reynolds98a.bib},
  bibsource    = {dblp computer science bibliography,
                  https://dblp.org}
}

@InProceedings{lorenzen16sound,
  author       = {Florian Lorenzen and Sebastian Erdweg},
  title        = {Sound type-dependent syntactic language extension},
  year         = 2016,
  booktitle    = {Proceedings of the 43rd Annual {ACM}
                  {SIGPLAN-SIGACT} Symposium on Principles of
                  Programming Languages, {POPL} 2016, St. Petersburg,
                  FL, USA, January 20 - 22, 2016},
  pages        = {204-216},
  doi          = {10.1145/2837614.2837644},
  url          = {https://doi.org/10.1145/2837614.2837644},
  crossref     = {popl/2016},
  timestamp    = {Tue, 06 Nov 2018 11:07:43 +0100},
  biburl       = {https://dblp.org/rec/conf/popl/LorenzenE16.bib},
  bibsource    = {dblp computer science bibliography,
                  https://dblp.org}
}

@proceedings{popl/2016,
  editor    = {Rastislav Bod{\'{\i}}k and
               Rupak Majumdar},
  title     = {Proceedings of the 43rd Annual {ACM} {SIGPLAN-SIGACT} Symposium on
               Principles of Programming Languages, {POPL} 2016, St. Petersburg,
               FL, USA, January 20 - 22, 2016},
  publisher = {{ACM}},
  year      = {2016},
  url       = {http://dl.acm.org/citation.cfm?id=2837614},
  isbn      = {978-1-4503-3549-2},
  timestamp = {Wed, 09 Mar 2016 08:11:59 +0100},
  biburl    = {https://dblp.org/rec/conf/popl/2016.bib},
  bibsource = {dblp computer science bibliography, https://dblp.org}
}

@inproceedings{ppdp/LohH06,
  author    = {Andres L{\"{o}}h and
               Ralf Hinze},
  editor    = {Annalisa Bossi and
               Michael J. Maher},
  title     = {Open data types and open functions},
  booktitle = {Proceedings of the 8th International {ACM} {SIGPLAN} Conference on
               Principles and Practice of Declarative Programming, July 10-12, 2006,
               Venice, Italy},
  pages     = {133--144},
  publisher = {{ACM}},
  year      = {2006},
  url       = {https://doi.org/10.1145/1140335.1140352},
  doi       = {10.1145/1140335.1140352},
  timestamp = {Tue, 06 Nov 2018 16:57:24 +0100},
  biburl    = {https://dblp.org/rec/conf/ppdp/LohH06.bib},
  bibsource = {dblp computer science bibliography, https://dblp.org}
}

@misc{wadler1998expression,
  title = {The Expression Problem},
  author = {Phil Wadler},
  year = {1998},
  howpublished = {\url{http://homepages.inf.ed.ac.uk/wadler/papers/expression/expression.txt}},
  note = {Accessed: 2020-07-01}
}

@inproceedings{augustsson1999exercise,
  title = {An exercise in dependent types: A well-typed interpreter},
  author = {Lennart Augustsson and Magnus Carlsson},
  year = {1999},
  researchr = {https://researchr.org/publication/Augustsson99anexercise},
  cites = {0},
  citedby = {0},
  booktitle = {In Workshop on Dependent Types in Programming, Gothenburg},
}

@InProceedings{bahr2011compositional,
  author       = {Patrick Bahr and Tom Hvitved},
  title        = {Compositional data types},
  year         = 2011,
  booktitle    = {Proceedings of the seventh {ACM} {SIGPLAN} workshop
                  on Generic programming, WGP@ICFP 2011, Tokyo, Japan,
                  September 19-21, 2011},
  pages        = {83-94},
  doi          = {10.1145/2036918.2036930},
  url          = {https://doi.org/10.1145/2036918.2036930},
  crossref     = {icfp/2011wgp},
  timestamp    = {Wed, 14 Nov 2018 10:52:41 +0100},
  biburl       = {https://dblp.org/rec/conf/icfp/BahrH11.bib},
  bibsource    = {dblp computer science bibliography,
                  https://dblp.org}
}

@proceedings{icfp/2011wgp,
  editor    = {Jaakko J{\"{a}}rvi and
               Shin{-}Cheng Mu},
  title     = {Proceedings of the seventh {ACM} {SIGPLAN} workshop on Generic programming,
               WGP@ICFP 2011, Tokyo, Japan, September 19-21, 2011},
  publisher = {{ACM}},
  year      = {2011},
  url       = {https://doi.org/10.1145/2036918},
  doi       = {10.1145/2036918},
  isbn      = {978-1-4503-0861-8},
  timestamp = {Tue, 06 Nov 2018 16:59:25 +0100},
  biburl    = {https://dblp.org/rec/conf/icfp/2011wgp.bib},
  bibsource = {dblp computer science bibliography, https://dblp.org}
}

@InProceedings{bahr2012parametric,
  author       = {Patrick Bahr and Tom Hvitved},
  title        = {Parametric Compositional Data Types},
  year         = 2012,
  booktitle    = {Proceedings Fourth Workshop on Mathematically
                  Structured Functional Programming, MSFP@ETAPS 2012,
                  Tallinn, Estonia, 25 March 2012},
  pages        = {3-24},
  doi          = {10.4204/EPTCS.76.3},
  url          = {https://doi.org/10.4204/EPTCS.76.3},
  crossref     = {corr/abs-1202-2407},
  timestamp    = {Fri, 27 Dec 2019 21:15:10 +0100},
  biburl       =
                  {https://dblp.org/rec/journals/corr/abs-1202-2917.bib},
  bibsource    = {dblp computer science bibliography,
                  https://dblp.org}
}

@proceedings{corr/abs-1202-2407,
  editor    = {James Chapman and
               Paul Blain Levy},
  title     = {Proceedings Fourth Workshop on Mathematically Structured Functional
               Programming, MSFP@ETAPS 2012, Tallinn, Estonia, 25 March 2012},
  series    = {{EPTCS}},
  volume    = {76},
  year      = {2012},
  url       = {https://doi.org/10.4204/EPTCS.76},
  doi       = {10.4204/EPTCS.76},
  timestamp = {Fri, 27 Dec 2019 21:15:10 +0100},
  biburl    = {https://dblp.org/rec/journals/corr/abs-1202-2407.bib},
  bibsource = {dblp computer science bibliography, https://dblp.org}
}

@inproceedings{ParreauxBG19,
  author    = {Lionel Parreaux and
               Aleksander Boruch{-}Gruszecki and
               Paolo G. Giarrusso},
  editor    = {Jonathan Immanuel Brachth{\"{a}}user and
               Sukyoung Ryu and
               Nathaniel Nystrom},
  title     = {Towards improved {GADT} reasoning in Scala},
  booktitle = {Proceedings of the Tenth {ACM} {SIGPLAN} Symposium on Scala, Scala@ECOOP
               2019, London, UK, July 17, 2019},
  pages     = {12--16},
  publisher = {{ACM}},
  year      = {2019},
  url       = {https://doi.org/10.1145/3337932.3338813},
  doi       = {10.1145/3337932.3338813},
  timestamp = {Mon, 29 Jul 2019 13:12:41 +0200},
  biburl    = {https://dblp.org/rec/conf/scala/ParreauxBG19.bib},
  bibsource = {dblp computer science bibliography, https://dblp.org}
}

@inproceedings{ZengerO01,
  author    = {Matthias Zenger and
               Martin Odersky},
  editor    = {Benjamin C. Pierce},
  title     = {Extensible Algebraic Datatypes with Defaults},
  booktitle = {Proceedings of the Sixth {ACM} {SIGPLAN} International Conference
               on Functional Programming {(ICFP} '01), Firenze (Florence), Italy,
               September 3-5, 2001},
  pages     = {241--252},
  publisher = {{ACM}},
  year      = {2001},
  url       = {https://doi.org/10.1145/507635.507665},
  doi       = {10.1145/507635.507665},
  timestamp = {Tue, 06 Nov 2018 16:59:24 +0100},
  biburl    = {https://dblp.org/rec/conf/icfp/ZengerO01.bib},
  bibsource = {dblp computer science bibliography, https://dblp.org}
}

@inproceedings{RompfO10,
  author    = {Tiark Rompf and
               Martin Odersky},
  editor    = {Eelco Visser and
               Jaakko J{\"{a}}rvi},
  title     = {Lightweight modular staging: a pragmatic approach to runtime code
               generation and compiled DSLs},
  booktitle = {Generative Programming And Component Engineering, Proceedings of the
               Ninth International Conference on Generative Programming and Component
               Engineering, {GPCE} 2010, Eindhoven, The Netherlands, October 10-13,
               2010},
  pages     = {127--136},
  publisher = {{ACM}},
  year      = {2010},
  url       = {https://doi.org/10.1145/1868294.1868314},
  doi       = {10.1145/1868294.1868314},
  timestamp = {Tue, 06 Nov 2018 16:57:54 +0100},
  biburl    = {https://dblp.org/rec/conf/gpce/RompfO10.bib},
  bibsource = {dblp computer science bibliography, https://dblp.org}
}

@inproceedings{Giarrusso13,
  author    = {Paolo G. Giarrusso},
  title     = {Open GADTs and declaration-site variance: a problem statement},
  booktitle = {Proceedings of the 4th Workshop on Scala, SCALA@ECOOP 2013, Montpellier,
               France, July 2, 2013},
  pages     = {5:1--5:4},
  publisher = {{ACM}},
  year      = {2013},
  url       = {https://doi.org/10.1145/2489837.2489842},
  doi       = {10.1145/2489837.2489842},
  timestamp = {Tue, 06 Nov 2018 16:59:31 +0100},
  biburl    = {https://dblp.org/rec/conf/ecoop/Giarrusso13.bib},
  bibsource = {dblp computer science bibliography, https://dblp.org}
}

@InProceedings{zhang2018pattern,
  author       = {Weixin Zhang and Bruno C. d. S. Oliveira},
  title        = {Pattern matching in an open world},
  year         = 2018,
  booktitle    = {Proceedings of the 17th {ACM} {SIGPLAN}
                  International Conference on Generative Programming:
                  Concepts and Experiences, {GPCE} 2018, Boston, MA,
                  USA, November 5-6, 2018},
  pages        = {134-146},
  doi          = {10.1145/3278122.3278124},
  url          = {https://doi.org/10.1145/3278122.3278124},
  crossref     = {gpce/2018},
  timestamp    = {Wed, 21 Nov 2018 12:44:16 +0100},
  biburl       = {https://dblp.org/rec/conf/gpce/ZhangO18.bib},
  bibsource    = {dblp computer science bibliography,
                  https://dblp.org}
}

@proceedings{gpce/2018,
  editor    = {Eric Van Wyk and
               Tiark Rompf},
  title     = {Proceedings of the 17th {ACM} {SIGPLAN} International Conference on
               Generative Programming: Concepts and Experiences, {GPCE} 2018, Boston,
               MA, USA, November 5-6, 2018},
  publisher = {{ACM}},
  year      = {2018},
  url       = {https://doi.org/10.1145/3278122},
  doi       = {10.1145/3278122},
  isbn      = {978-1-4503-6045-6},
  timestamp = {Wed, 21 Nov 2018 12:44:16 +0100},
  biburl    = {https://dblp.org/rec/conf/gpce/2018.bib},
  bibsource = {dblp computer science bibliography, https://dblp.org}
}

@InProceedings{mcbride2004epigram,
  author       = {Conor McBride},
  title        = {Epigram: Practical Programming with Dependent Types},
  year         = 2004,
  booktitle    = {Advanced Functional Programming, 5th International
                  School, {AFP} 2004, Tartu, Estonia, August 14-21,
                  2004, Revised Lectures},
  pages        = {130-170},
  doi          = {10.1007/11546382\_3},
  url          = {https://doi.org/10.1007/11546382\_3},
  crossref     = {afp/2004},
  timestamp    = {Tue, 14 May 2019 10:00:44 +0200},
  biburl       = {https://dblp.org/rec/conf/afp/McBride04.bib},
  bibsource    = {dblp computer science bibliography,
                  https://dblp.org}
}

@proceedings{afp/2004,
  editor    = {Varmo Vene and
               Tarmo Uustalu},
  title     = {Advanced Functional Programming, 5th International School, {AFP} 2004,
               Tartu, Estonia, August 14-21, 2004, Revised Lectures},
  series    = {Lecture Notes in Computer Science},
  volume    = {3622},
  publisher = {Springer},
  year      = {2005},
  url       = {https://doi.org/10.1007/11546382},
  doi       = {10.1007/11546382},
  isbn      = {3-540-28540-7},
  timestamp = {Tue, 14 May 2019 10:00:44 +0200},
  biburl    = {https://dblp.org/rec/conf/afp/2004.bib},
  bibsource = {dblp computer science bibliography, https://dblp.org}
}

@InProceedings{chapman2010thegentle,
  author       = {James Chapman and Pierre{-}{\'{E}}variste Dagand and
                  Conor McBride and Peter Morris},
  title        = {The gentle art of levitation},
  year         = 2010,
  booktitle    = {Proceeding of the 15th {ACM} {SIGPLAN} international
                  conference on Functional programming, {ICFP} 2010,
                  Baltimore, Maryland, USA, September 27-29, 2010},
  pages        = {3-14},
  doi          = {10.1145/1863543.1863547},
  url          = {https://doi.org/10.1145/1863543.1863547},
  crossref     = {icfp/2010},
  timestamp    = {Tue, 06 Nov 2018 16:59:24 +0100},
  biburl       = {https://dblp.org/rec/conf/icfp/ChapmanDMM10.bib},
  bibsource    = {dblp computer science bibliography,
                  https://dblp.org}
}

@proceedings{icfp/2010,
  editor    = {Paul Hudak and
               Stephanie Weirich},
  title     = {Proceeding of the 15th {ACM} {SIGPLAN} international conference on
               Functional programming, {ICFP} 2010, Baltimore, Maryland, USA, September
               27-29, 2010},
  publisher = {{ACM}},
  year      = {2010},
  isbn      = {978-1-60558-794-3},
  timestamp = {Fri, 08 Oct 2010 07:46:10 +0200},
  biburl    = {https://dblp.org/rec/conf/icfp/2010.bib},
  bibsource = {dblp computer science bibliography, https://dblp.org}
}

@Article{dagand2014,
  author       = {Pierre{-}{\'{E}}variste Dagand and Conor McBride},
  title        = {Transporting functions across ornaments},
  year         = 2014,
  volume       = 24,
  number       = {2-3},
  pages        = {316-383},
  doi          = {10.1017/S0956796814000069},
  url          = {https://doi.org/10.1017/S0956796814000069},
  journal      = {J. Funct. Program.},
  timestamp    = {Fri, 02 Nov 2018 09:31:48 +0100},
  biburl       = {https://dblp.org/rec/journals/jfp/DagandM14.bib},
  bibsource    = {dblp computer science bibliography,
                  https://dblp.org}
}

@inproceedings{YorgeyWCJVM12,
  author    = {Brent A. Yorgey and
               Stephanie Weirich and
               Julien Cretin and
               Simon L. Peyton Jones and
               Dimitrios Vytiniotis and
               Jos{\'{e}} Pedro Magalh{\~{a}}es},
  editor    = {Benjamin C. Pierce},
  title     = {Giving Haskell a promotion},
  booktitle = {Proceedings of {TLDI} 2012: The Seventh {ACM} {SIGPLAN} Workshop on
               Types in Languages Design and Implementation, Philadelphia, PA, USA,
               Saturday, January 28, 2012},
  pages     = {53--66},
  publisher = {{ACM}},
  year      = {2012},
  url       = {https://doi.org/10.1145/2103786.2103795},
  doi       = {10.1145/2103786.2103795},
  timestamp = {Sat, 19 Oct 2019 20:28:45 +0200},
  biburl    = {https://dblp.org/rec/conf/tldi/YorgeyWCJVM12.bib},
  bibsource = {dblp computer science bibliography, https://dblp.org}
}

@inproceedings{HoferO10,
  author    = {Christian Hofer and
               Klaus Ostermann},
  editor    = {Eelco Visser and
               Jaakko J{\"{a}}rvi},
  title     = {Modular domain-specific language components in scala},
  booktitle = {Generative Programming And Component Engineering, Proceedings of the
               Ninth International Conference on Generative Programming and Component
               Engineering, {GPCE} 2010, Eindhoven, The Netherlands, October 10-13,
               2010},
  pages     = {83--92},
  publisher = {{ACM}},
  year      = {2010},
  url       = {https://doi.org/10.1145/1868294.1868307},
  doi       = {10.1145/1868294.1868307},
  timestamp = {Tue, 06 Nov 2018 16:57:54 +0100},
  biburl    = {https://dblp.org/rec/conf/gpce/HoferO10.bib},
  bibsource = {dblp computer science bibliography, https://dblp.org}
}

@phdthesis{Dagand13,
  author    = {Pierre{-}{\'{E}}variste Dagand},
  title     = {A cosmology of datatypes : reusability and dependent types},
  school    = {University of Strathclyde, Glasgow, {UK}},
  year      = {2013},
  url       = {http://oleg.lib.strath.ac.uk/R/?func=dbin-jump-full\&object\_id=22713},
  timestamp = {Mon, 18 Jun 2018 17:33:10 +0200},
  biburl    = {https://dblp.org/rec/phd/ethos/Dagand13.bib},
  bibsource = {dblp computer science bibliography, https://dblp.org}
}

@inproceedings{LohM11,
  author    = {Andres L{\"{o}}h and
               Jos{\'{e}} Pedro Magalh{\~{a}}es},
  editor    = {Jaakko J{\"{a}}rvi and
               Shin{-}Cheng Mu},
  title     = {Generic programming with indexed functors},
  booktitle = {Proceedings of the seventh {ACM} {SIGPLAN} workshop on Generic programming,
               WGP@ICFP 2011, Tokyo, Japan, September 19-21, 2011},
  pages     = {1--12},
  publisher = {{ACM}},
  year      = {2011},
  url       = {https://doi.org/10.1145/2036918.2036920},
  doi       = {10.1145/2036918.2036920},
  timestamp = {Tue, 06 Nov 2018 16:59:25 +0100},
  biburl    = {https://dblp.org/rec/conf/icfp/LohM11.bib},
  bibsource = {dblp computer science bibliography, https://dblp.org}
}

@article{AltenkirchGHMM15,
  author    = {Thorsten Altenkirch and
               Neil Ghani and
               Peter G. Hancock and
               Conor McBride and
               Peter Morris},
  title     = {Indexed containers},
  journal   = {J. Funct. Program.},
  volume    = {25},
  year      = {2015},
  url       = {https://doi.org/10.1017/S095679681500009X},
  doi       = {10.1017/S095679681500009X},
  timestamp = {Fri, 19 Jun 2020 12:14:16 +0200},
  biburl    = {https://dblp.org/rec/journals/jfp/AltenkirchGHMM15.bib},
  bibsource = {dblp computer science bibliography, https://dblp.org}
}

@article{Dagand17,
  author    = {Pierre{-}{\'{E}}variste Dagand},
  title     = {The essence of ornaments},
  journal   = {J. Funct. Program.},
  volume    = {27},
  pages     = {e9},
  year      = {2017},
  url       = {https://doi.org/10.1017/S0956796816000356},
  doi       = {10.1017/S0956796816000356},
  timestamp = {Sat, 27 May 2017 14:24:34 +0200},
  biburl    = {https://dblp.org/rec/journals/jfp/Dagand17.bib},
  bibsource = {dblp computer science bibliography, https://dblp.org}
}

@article{KoG17,
  author    = {Hsiang{-}Shang Ko and
               Jeremy Gibbons},
  title     = {Programming with ornaments},
  journal   = {J. Funct. Program.},
  volume    = {27},
  pages     = {e2},
  year      = {2017},
  url       = {https://doi.org/10.1017/S0956796816000307},
  doi       = {10.1017/S0956796816000307},
  timestamp = {Fri, 02 Nov 2018 09:31:48 +0100},
  biburl    = {https://dblp.org/rec/journals/jfp/KoG17.bib},
  bibsource = {dblp computer science bibliography, https://dblp.org}
}

@Article{Goguen1977initial,
  author       = {Joseph A. Goguen and James W. Thatcher and Eric
                  G. Wagner and Jesse B. Wright},
  title        = {Initial Algebra Semantics and Continuous Algebras},
  year         = 1977,
  volume       = 24,
  number       = 1,
  pages        = {68-95},
  doi          = {10.1145/321992.321997},
  url          = {https://doi.org/10.1145/321992.321997},
  journal      = {J. {ACM}},
  timestamp    = {Tue, 06 Nov 2018 12:51:45 +0100},
  biburl       = {https://dblp.org/rec/journals/jacm/GoguenTWW77.bib},
  bibsource    = {dblp computer science bibliography,
                  https://dblp.org}
}

@phdthesis{malcolm1990algebraic,
  title = "Algebraic Data Types and Program Transformation",
  keywords = "Proefschriften (vorm), Transformatie , Software, Datastructuren, Algebra{\`e}ische getallen,, machineleesbare gegevens",
  author = "Malcolm, {Grant Reynold}",
  year = "1990",
  language = "English",
  publisher = "s.n.",
}

@InProceedings{madlener2011formal,
  author       = {Ken Madlener and Sjaak Smetsers and Marko
                  C. J. D. van Eekelen},
  title        = {Formal Component-Based Semantics},
  year         = 2011,
  booktitle    = {Proceedings Eight Workshop on Structural Operational
                  Semantics 2011, {SOS} 2011, Aachen, Germany, 5th
                  September 2011},
  pages        = {17-29},
  doi          = {10.4204/EPTCS.62.2},
  url          = {https://doi.org/10.4204/EPTCS.62.2},
  crossref     = {corr/abs-1108-2796},
  timestamp    = {Tue, 21 Apr 2020 10:56:16 +0200},
  biburl       =
                  {https://dblp.org/rec/journals/corr/abs-1108-3125.bib},
  bibsource    = {dblp computer science bibliography,
                  https://dblp.org}
}

@proceedings{corr/abs-1108-2796,
  editor    = {Michel A. Reniers and
               Pawel Sobocinski},
  title     = {Proceedings Eight Workshop on Structural Operational Semantics 2011,
               {SOS} 2011, Aachen, Germany, 5th September 2011},
  series    = {{EPTCS}},
  volume    = {62},
  year      = {2011},
  url       = {https://doi.org/10.4204/EPTCS.62},
  doi       = {10.4204/EPTCS.62},
  timestamp = {Tue, 21 Apr 2020 10:56:16 +0200},
  biburl    = {https://dblp.org/rec/journals/corr/abs-1108-2796.bib},
  bibsource = {dblp computer science bibliography, https://dblp.org}
}

@Article{Abbott2005containers,
  author       = {Michael Gordon Abbott and Thorsten Altenkirch and
                  Neil Ghani},
  title        = {Containers: Constructing strictly positive types},
  year         = 2005,
  volume       = 342,
  number       = 1,
  pages        = {3-27},
  doi          = {10.1016/j.tcs.2005.06.002},
  url          = {https://doi.org/10.1016/j.tcs.2005.06.002},
  journal      = {Theor. Comput. Sci.},
  timestamp    = {Sun, 02 Jun 2019 20:55:30 +0200},
  biburl       = {https://dblp.org/rec/journals/tcs/AbbottAG05.bib},
  bibsource    = {dblp computer science bibliography,
                  https://dblp.org}
}

@InProceedings{visser98acore,
  author       = {Eelco Visser and Zine{-}El{-}Abidine Benaissa},
  title        = {A core language for rewriting},
  year         = 1998,
  booktitle    = {1998 International Workshop on Rewriting Logic and
                  its Applications, {WRLA} 1998, Abbaye des
                  Pr{\'{e}}montr{\'{e}}s at Pont-{\`{a}}-Mousson,
                  France, September 1998},
  pages        = {422-441},
  doi          = {10.1016/S1571-0661(05)80027-1},
  url          = {https://doi.org/10.1016/S1571-0661(05)80027-1},
  crossref     = {wrla/1998},
  timestamp    = {Mon, 13 Jan 2020 16:47:02 +0100},
  biburl       = {https://dblp.org/rec/journals/entcs/VisserB98.bib},
  bibsource    = {dblp computer science bibliography,
                  https://dblp.org}
}

@proceedings{wrla/1998,
  editor    = {Claude Kirchner and
               H{\'{e}}l{\`{e}}ne Kirchner},
  title     = {1998 International Workshop on Rewriting Logic and its Applications,
               {WRLA} 1998, Abbaye des Pr{\'{e}}montr{\'{e}}s at Pont-{\`{a}}-Mousson,
               France, September 1998},
  series    = {Electronic Notes in Theoretical Computer Science},
  volume    = {15},
  publisher = {Elsevier},
  year      = {1998},
  url       = {https://www.sciencedirect.com/journal/electronic-notes-in-theoretical-computer-science/vol/15/suppl/C},
  timestamp = {Mon, 13 Jan 2020 16:35:29 +0100},
  biburl    = {https://dblp.org/rec/conf/wrla/1998.bib},
  bibsource = {dblp computer science bibliography, https://dblp.org}
}

@Article{MillsteinBC04,
  author       = {Todd D. Millstein and Colin Bleckner and Craig
                  Chambers},
  title        = {Modular typechecking for hierarchically extensible
                  datatypes and functions},
  year         = 2004,
  volume       = 26,
  number       = 5,
  pages        = {836-889},
  doi          = {10.1145/1018203.1018207},
  url          = {https://doi.org/10.1145/1018203.1018207},
  journal      = {{ACM} Trans. Program. Lang. Syst.},
  timestamp    = {Tue, 06 Nov 2018 12:51:29 +0100},
  biburl       =
                  {https://dblp.org/rec/journals/toplas/MillsteinBC04.bib},
  bibsource    = {dblp computer science bibliography,
                  https://dblp.org}
}

@inproceedings{garrigue1998programming,
  author = {Garrigue, Jacques},
  year = {1998},
  month = {10},
  title = {Programming with Polymorphic Variants},
  booktitle = {ML Workshop}
}

@InProceedings{Oliveira2012extensibility,
  author       = {Bruno C. d. S. Oliveira and William R. Cook},
  title        = {Extensibility for the Masses - Practical
                  Extensibility with Object Algebras},
  year         = 2012,
  booktitle    = {{ECOOP} 2012 - Object-Oriented Programming - 26th
                  European Conference, Beijing, China, June 11-16,
                  2012. Proceedings},
  pages        = {2-27},
  doi          = {10.1007/978-3-642-31057-7\_2},
  url          = {https://doi.org/10.1007/978-3-642-31057-7\_2},
  crossref     = {ecoop/2012},
  timestamp    = {Fri, 27 Mar 2020 08:51:54 +0100},
  biburl       = {https://dblp.org/rec/conf/ecoop/OliveiraC12.bib},
  bibsource    = {dblp computer science bibliography,
                  https://dblp.org}
}

@proceedings{ecoop/2012,
  editor    = {James Noble},
  title     = {{ECOOP} 2012 - Object-Oriented Programming - 26th European Conference,
               Beijing, China, June 11-16, 2012. Proceedings},
  series    = {Lecture Notes in Computer Science},
  volume    = {7313},
  publisher = {Springer},
  year      = {2012},
  url       = {https://doi.org/10.1007/978-3-642-31057-7},
  doi       = {10.1007/978-3-642-31057-7},
  isbn      = {978-3-642-31056-0},
  timestamp = {Fri, 27 Mar 2020 08:51:54 +0100},
  biburl    = {https://dblp.org/rec/conf/ecoop/2012.bib},
  bibsource = {dblp computer science bibliography, https://dblp.org}
}

@InProceedings{Chambers1994typechecking,
  author       = {Craig Chambers and Gary T. Leavens},
  title        = {Typechecking and Modules for Multi-Methods},
  year         = 1994,
  booktitle    = {OOPSLA'94, Proceedings of the Ninth Annual
                  Conference on Object-Oriented Programming Systems,
                  Languages, and Applications, Portland, Oregon, USA,
                  October 23-27, 1994},
  pages        = {1-15},
  doi          = {10.1145/191080.191083},
  url          = {https://doi.org/10.1145/191080.191083},
  crossref     = {oopsla/1994},
  timestamp    = {Tue, 06 Nov 2018 16:57:17 +0100},
  biburl       = {https://dblp.org/rec/conf/oopsla/ChambersL94.bib},
  bibsource    = {dblp computer science bibliography,
                  https://dblp.org}
}

@proceedings{oopsla/1994,
  editor    = {Jeff McKenna and
               J. Eliot B. Moss and
               Richard L. Wexelblat},
  title     = {OOPSLA'94, Proceedings of the Ninth Annual Conference on Object-Oriented
               Programming Systems, Languages, and Applications, Portland, Oregon,
               USA, October 23-27, 1994},
  publisher = {{ACM}},
  year      = {1994},
  url       = {http://dl.acm.org/citation.cfm?id=191080},
  isbn      = {0-89791-688-3},
  timestamp = {Tue, 11 Jun 2013 10:08:15 +0200},
  biburl    = {https://dblp.org/rec/conf/oopsla/1994.bib},
  bibsource = {dblp computer science bibliography, https://dblp.org}
}

@InProceedings{clifton2000multijava,
  author       = {Curtis Clifton and Gary T. Leavens and Craig
                  Chambers and Todd D. Millstein},
  title        = {MultiJava: modular open classes and symmetric
                  multiple dispatch for Java},
  year         = 2000,
  booktitle    = {Proceedings of the 2000 {ACM} {SIGPLAN} Conference
                  on Object-Oriented Programming Systems, Languages
                  {\&} Applications {(OOPSLA} 2000), Minneapolis,
                  Minnesota, USA, October 15-19, 2000},
  pages        = {130-145},
  doi          = {10.1145/353171.353181},
  url          = {https://doi.org/10.1145/353171.353181},
  crossref     = {oopsla/2000},
  timestamp    = {Tue, 06 Nov 2018 16:57:16 +0100},
  biburl       = {https://dblp.org/rec/conf/oopsla/CliftonLCM00.bib},
  bibsource    = {dblp computer science bibliography,
                  https://dblp.org}
}

@proceedings{oopsla/2000,
  editor    = {Mary Beth Rosson and
               Doug Lea},
  title     = {Proceedings of the 2000 {ACM} {SIGPLAN} Conference on Object-Oriented
               Programming Systems, Languages {\&} Applications {(OOPSLA} 2000),
               Minneapolis, Minnesota, USA, October 15-19, 2000},
  publisher = {{ACM}},
  year      = {2000},
  url       = {http://dl.acm.org/citation.cfm?id=353171},
  isbn      = {1-58113-200-X},
  timestamp = {Mon, 13 May 2013 11:07:53 +0200},
  biburl    = {https://dblp.org/rec/conf/oopsla/2000.bib},
  bibsource = {dblp computer science bibliography, https://dblp.org}
}

@InProceedings{Madsen1989virtual,
  author       = {Ole Lehrmann Madsen and Birger M{\o}ller{-}Pedersen},
  title        = {Virtual Classes: {A} Powerful Mechanism in
                  Object-Oriented Programming},
  year         = 1989,
  booktitle    = {Conference on Object-Oriented Programming: Systems,
                  Languages, and Applications (OOPSLA'89), New
                  Orleans, Louisiana, USA, October 1-6, 1989,
                  Proceedings},
  pages        = {397-406},
  doi          = {10.1145/74877.74919},
  url          = {https://doi.org/10.1145/74877.74919},
  crossref     = {oopsla/1989},
  timestamp    = {Tue, 06 Nov 2018 16:57:15 +0100},
  biburl       = {https://dblp.org/rec/conf/oopsla/MadsenM89.bib},
  bibsource    = {dblp computer science bibliography,
                  https://dblp.org}
}

@proceedings{oopsla/1989,
  editor    = {George Bosworth},
  title     = {Conference on Object-Oriented Programming: Systems, Languages, and
               Applications (OOPSLA'89), New Orleans, Louisiana, USA, October 1-6,
               1989, Proceedings},
  publisher = {{ACM}},
  year      = {1989},
  url       = {http://dl.acm.org/citation.cfm?id=74877},
  isbn      = {0-89791-333-7},
  timestamp = {Tue, 11 Jun 2013 13:05:16 +0200},
  biburl    = {https://dblp.org/rec/conf/oopsla/1989.bib},
  bibsource = {dblp computer science bibliography, https://dblp.org}
}

@InProceedings{McDirmid2001jiazzi,
  author       = {Sean McDirmid and Matthew Flatt and Wilson C. Hsieh},
  title        = {Jiazzi: New-Age Components for Old-Fashioned Java},
  year         = 2001,
  booktitle    = {Proceedings of the 2001 {ACM} {SIGPLAN} Conference
                  on Object-Oriented Programming Systems, Languages
                  and Applications, {OOPSLA} 2001, Tampa, Florida,
                  USA, October 14-18, 2001},
  pages        = {211-222},
  doi          = {10.1145/504282.504298},
  url          = {https://doi.org/10.1145/504282.504298},
  crossref     = {oopsla/2001},
  timestamp    = {Tue, 06 Nov 2018 16:57:17 +0100},
  biburl       = {https://dblp.org/rec/conf/oopsla/McDirmidFH01.bib},
  bibsource    = {dblp computer science bibliography,
                  https://dblp.org}
}

@proceedings{oopsla/2001,
  editor    = {Linda M. Northrop and
               John M. Vlissides},
  title     = {Proceedings of the 2001 {ACM} {SIGPLAN} Conference on Object-Oriented
               Programming Systems, Languages and Applications, {OOPSLA} 2001, Tampa,
               Florida, USA, October 14-18, 2001},
  publisher = {{ACM}},
  year      = {2001},
  url       = {http://dl.acm.org/citation.cfm?id=504282},
  isbn      = {1-58113-335-9},
  timestamp = {Tue, 19 Nov 2013 18:10:37 +0100},
  biburl    = {https://dblp.org/rec/conf/oopsla/2001.bib},
  bibsource = {dblp computer science bibliography, https://dblp.org}
}

@InProceedings{Flatt1998units,
  author       = {Matthew Flatt and Matthias Felleisen},
  title        = {Units: Cool Modules for {HOT} Languages},
  year         = 1998,
  booktitle    = {Proceedings of the {ACM} {SIGPLAN} '98 Conference on
                  Programming Language Design and Implementation
                  (PLDI), Montreal, Canada, June 17-19, 1998},
  pages        = {236-248},
  doi          = {10.1145/277650.277730},
  url          = {https://doi.org/10.1145/277650.277730},
  crossref     = {pldi/1998},
  timestamp    = {Tue, 06 Nov 2018 16:59:30 +0100},
  biburl       = {https://dblp.org/rec/conf/pldi/FlattF98.bib},
  bibsource    = {dblp computer science bibliography,
                  https://dblp.org}
}

@proceedings{pldi/1998,
  editor    = {Jack W. Davidson and
               Keith D. Cooper and
               A. Michael Berman},
  title     = {Proceedings of the {ACM} {SIGPLAN} '98 Conference on Programming Language
               Design and Implementation (PLDI), Montreal, Canada, June 17-19, 1998},
  publisher = {{ACM}},
  year      = {1998},
  url       = {http://dl.acm.org/citation.cfm?id=277650},
  isbn      = {0-89791-987-4},
  timestamp = {Mon, 21 May 2012 16:19:53 +0200},
  biburl    = {https://dblp.org/rec/conf/pldi/1998.bib},
  bibsource = {dblp computer science bibliography, https://dblp.org}
}

@InProceedings{Morris15variations,
  author       = {J. Garrett Morris},
  title        = {Variations on variants},
  year         = 2015,
  booktitle    = {Proceedings of the 8th {ACM} {SIGPLAN} Symposium on
                  Haskell, Haskell 2015, Vancouver, BC, Canada,
                  September 3-4, 2015},
  pages        = {71-81},
  doi          = {10.1145/2804302.2804320},
  url          = {https://doi.org/10.1145/2804302.2804320},
  crossref     = {haskell/2015},
  timestamp    = {Tue, 06 Nov 2018 16:58:22 +0100},
  biburl       = {https://dblp.org/rec/conf/haskell/Morris15.bib},
  bibsource    = {dblp computer science bibliography,
                  https://dblp.org}
}

@proceedings{haskell/2015,
  editor    = {Ben Lippmeier},
  title     = {Proceedings of the 8th {ACM} {SIGPLAN} Symposium on Haskell, Haskell
               2015, Vancouver, BC, Canada, September 3-4, 2015},
  publisher = {{ACM}},
  year      = {2015},
  url       = {https://doi.org/10.1145/2804302},
  doi       = {10.1145/2804302},
  isbn      = {978-1-4503-3808-0},
  timestamp = {Tue, 06 Nov 2018 16:58:22 +0100},
  biburl    = {https://dblp.org/rec/conf/haskell/2015.bib},
  bibsource = {dblp computer science bibliography, https://dblp.org}
}

@InProceedings{Bahr2014composing,
  author       = {Patrick Bahr},
  title        = {Composing and decomposing data types: a closed type
                  families implementation of data types {\`{a}} la
                  carte},
  year         = 2014,
  booktitle    = {Proceedings of the 10th {ACM} {SIGPLAN} workshop on
                  Generic programming, {WGP} 2014, Gothenburg, Sweden,
                  August 31, 2014},
  pages        = {71-82},
  doi          = {10.1145/2633628.2633635},
  url          = {https://doi.org/10.1145/2633628.2633635},
  crossref     = {icfp/2014wgp},
  timestamp    = {Wed, 14 Nov 2018 10:52:41 +0100},
  biburl       = {https://dblp.org/rec/conf/icfp/Bahr14.bib},
  bibsource    = {dblp computer science bibliography,
                  https://dblp.org}
}

@proceedings{icfp/2014wgp,
  editor    = {Jos{\'{e}} Pedro Magalh{\~{a}}es and
               Tiark Rompf},
  title     = {Proceedings of the 10th {ACM} {SIGPLAN} workshop on Generic programming,
               {WGP} 2014, Gothenburg, Sweden, August 31, 2014},
  publisher = {{ACM}},
  year      = {2014},
  url       = {https://doi.org/10.1145/2633628},
  doi       = {10.1145/2633628},
  isbn      = {978-1-4503-3042-8},
  timestamp = {Tue, 06 Nov 2018 16:59:24 +0100},
  biburl    = {https://dblp.org/rec/conf/icfp/2014wgp.bib},
  bibsource = {dblp computer science bibliography, https://dblp.org}
}

@Article{Sheard2004twolevel,
  author       = {Tim Sheard and Emir Pasalic},
  title        = {Two-level types and parameterized modules},
  year         = 2004,
  volume       = 14,
  number       = 5,
  pages        = {547-587},
  doi          = {10.1017/S095679680300488X},
  url          = {https://doi.org/10.1017/S095679680300488X},
  journal      = {J. Funct. Program.},
  timestamp    = {Sat, 27 May 2017 14:24:34 +0200},
  biburl       = {https://dblp.org/rec/journals/jfp/SheardP04.bib},
  bibsource    = {dblp computer science bibliography,
                  https://dblp.org}
}

@Article{griesemer2020featherweight,
  author       = {Robert Griesemer and Raymond Hu and Wen Kokke and
                  Julien Lange and Ian Lance Taylor and Bernardo
                  Toninho and Philip Wadler and Nobuko Yoshida},
  title        = {Featherweight Go},
  year         = 2020,
  volume       = {abs/2005.11710},
  eprint       = {2005.11710},
  url          = {https://arxiv.org/abs/2005.11710},
  journal      = {CoRR},
  archiveprefix= {arXiv},
  timestamp    = {Thu, 28 May 2020 17:38:09 +0200},
  biburl       = {https://dblp.org/rec/journals/corr/abs-2005-11710.bib},
  bibsource    = {dblp computer science bibliography,
                  https://dblp.org}
}

@InProceedings{Swamy2016dependent,
  author       = {Nikhil Swamy and Catalin Hritcu and Chantal Keller
                  and Aseem Rastogi and Antoine Delignat{-}Lavaud and
                  Simon Forest and Karthikeyan Bhargavan and
                  C{\'{e}}dric Fournet and Pierre{-}Yves Strub and
                  Markulf Kohlweiss and Jean Karim Zinzindohoue and
                  Santiago Zanella B{\'{e}}guelin},
  title        = {Dependent types and multi-monadic effects in {F$\star$}},
  year         = 2016,
  booktitle    = {Proceedings of the 43rd Annual {ACM}
                  {SIGPLAN-SIGACT} Symposium on Principles of
                  Programming Languages, {POPL} 2016, St. Petersburg,
                  FL, USA, January 20 - 22, 2016},
  pages        = {256-270},
  doi          = {10.1145/2837614.2837655},
  url          = {https://doi.org/10.1145/2837614.2837655},
  timestamp    = {Tue, 06 Nov 2018 11:07:43 +0100},
  biburl       = {https://dblp.org/rec/conf/popl/SwamyHKRDFBFSKZ16.bib},
  bibsource    = {dblp computer science bibliography,
                  https://dblp.org}
}

@InProceedings{Bowman2016growing,
  author = "William J. Bowman",
  year = 2016,
  booktitle = {Higher-Order Programming with Effects (HOPE 2017)},
  title = {Growing a Proof Assistant}
}

@InProceedings{Stampoulis2010veriml,
  author       = {Antonis Stampoulis and Zhong Shao},
  title        = {VeriML: typed computation of logical terms inside a
                  language with effects},
  year         = 2010,
  booktitle    = {Proceeding of the 15th {ACM} {SIGPLAN} international
                  conference on Functional programming, {ICFP} 2010,
                  Baltimore, Maryland, USA, September 27-29, 2010},
  pages        = {333-344},
  doi          = {10.1145/1863543.1863591},
  url          = {https://doi.org/10.1145/1863543.1863591},
  crossref     = {icfp/2010},
  timestamp    = {Tue, 06 Nov 2018 16:59:25 +0100},
  biburl       = {https://dblp.org/rec/conf/icfp/StampoulisS10.bib},
  bibsource    = {dblp computer science bibliography,
                  https://dblp.org}
}

@Article{Davis2015thereflective,
  author       = {Jared Davis and Magnus O. Myreen},
  title        = {The Reflective Milawa Theorem Prover is Sound (Down
                  to the Machine Code that Runs it)},
  year         = 2015,
  volume       = 55,
  number       = 2,
  pages        = {117-183},
  doi          = {10.1007/s10817-015-9324-6},
  url          = {https://doi.org/10.1007/s10817-015-9324-6},
  journal      = {J. Autom. Reasoning},
  timestamp    = {Sat, 20 May 2017 00:22:31 +0200},
  biburl       = {https://dblp.org/rec/journals/jar/DavisM15.bib},
  bibsource    = {dblp computer science bibliography,
                  https://dblp.org}
}

@UNPUBLISHED{Plotkin1973lambda,
  author = {Gordon D. Plotkin},
  title = {Lambda-Definability and Logical Relations},
  year = 1973,
  note = {Unpublished manuscript}
}

@Article{Milner1978atheory,
  author       = {Robin Milner},
  title        = {A Theory of Type Polymorphism in Programming},
  year         = 1978,
  volume       = 17,
  number       = 3,
  pages        = {348-375},
  doi          = {10.1016/0022-0000(78)90014-4},
  url          = {https://doi.org/10.1016/0022-0000(78)90014-4},
  journal      = {J. Comput. Syst. Sci.},
  timestamp    = {Wed, 14 Nov 2018 10:33:58 +0100},
  biburl       = {https://dblp.org/rec/journals/jcss/Milner78.bib},
  bibsource    = {dblp computer science bibliography,
                  https://dblp.org}
}

@Article{Wright1994asyntactic,
  author       = {Andrew K. Wright and Matthias Felleisen},
  title        = {A Syntactic Approach to Type Soundness},
  year         = 1994,
  volume       = 115,
  number       = 1,
  pages        = {38-94},
  doi          = {10.1006/inco.1994.1093},
  url          = {https://doi.org/10.1006/inco.1994.1093},
  journal      = {Inf. Comput.},
  timestamp    = {Wed, 14 Nov 2018 10:35:06 +0100},
  biburl       = {https://dblp.org/rec/journals/iandc/WrightF94.bib},
  bibsource    = {dblp computer science bibliography,
                  https://dblp.org}
}

@book{Pierce2018programming,
author       =   {Benjamin C. Pierce and Arthur Azevedo de Amorim
                  and Chris Casinghino and Marco Gaboardi and
                  Michael Greenberg and C\v{a}t\v{a}lin Hri\c{t}cu
                  and Vilhelm Sj\"{o}berg and Andrew Tolmach
                  and Brent Yorgey},
title        =   "Programming Language Foundations",
series       =  "Software Foundations series, volume 2",
month        =   May,
year         =   "2018",
publisher    =   "Electronic textbook",
plclub       =   yes,
bcp          =   yes,
keys         =   "verification,books",
ebook        =   {http://www.cis.upenn.edu/~bcpierce/sf},
japanese     =   {http://proofcafe.org/sf}
}

@InProceedings{Bird1998nested,
  author       = {Richard S. Bird and Lambert G. L. T. Meertens},
  title        = {Nested Datatypes},
  year         = 1998,
  booktitle    = {Mathematics of Program Construction, MPC'98,
                  Marstrand, Sweden, June 15-17, 1998, Proceedings},
  pages        = {52-67},
  doi          = {10.1007/BFb0054285},
  url          = {https://doi.org/10.1007/BFb0054285},
  crossref     = {mpc/1998},
  timestamp    = {Tue, 14 May 2019 10:00:46 +0200},
  biburl       = {https://dblp.org/rec/conf/mpc/BirdM98.bib},
  bibsource    = {dblp computer science bibliography,
                  https://dblp.org}
}

@proceedings{mpc/1998,
  editor    = {Johan Jeuring},
  title     = {Mathematics of Program Construction, MPC'98, Marstrand, Sweden, June
               15-17, 1998, Proceedings},
  series    = {Lecture Notes in Computer Science},
  volume    = {1422},
  publisher = {Springer},
  year      = {1998},
  url       = {https://doi.org/10.1007/BFb0054279},
  doi       = {10.1007/BFb0054279},
  isbn      = {3-540-64591-8},
  timestamp = {Tue, 14 May 2019 10:00:46 +0200},
  biburl    = {https://dblp.org/rec/conf/mpc/1998.bib},
  bibsource = {dblp computer science bibliography, https://dblp.org}
}

@PHDTHESIS{Ahmed2004semantics,
  author = {Amal Jamil Ahmed},
  year = {2004},
  institution = {Princeton University},
  title = {Semantics of Types for Mutable State}
}

@Article{Dreyer2011logical,
  author       = {Derek Dreyer and Amal Ahmed and Lars Birkedal},
  title        = {Logical Step-Indexed Logical Relations},
  year         = 2011,
  volume       = 7,
  number       = 2,
  doi          = {10.2168/LMCS-7(2:16)2011},
  url          = {https://doi.org/10.2168/LMCS-7(2:16)2011},
  journal      = {Log. Methods Comput. Sci.},
  timestamp    = {Thu, 25 Jun 2020 21:29:07 +0200},
  biburl       =
                  {https://dblp.org/rec/journals/corr/abs-1103-0510.bib},
  bibsource    = {dblp computer science bibliography,
                  https://dblp.org}
}

@InProceedings{Liang1995monad,
  author       = {Sheng Liang and Paul Hudak and Mark P. Jones},
  title        = {Monad Transformers and Modular Interpreters},
  year         = 1995,
  booktitle    = {Conference Record of POPL'95: 22nd {ACM}
                  {SIGPLAN-SIGACT} Symposium on Principles of
                  Programming Languages, San Francisco, California,
                  USA, January 23-25, 1995},
  pages        = {333-343},
  doi          = {10.1145/199448.199528},
  url          = {https://doi.org/10.1145/199448.199528},
  crossref     = {popl/1995},
  timestamp    = {Tue, 06 Nov 2018 11:07:43 +0100},
  biburl       = {https://dblp.org/rec/conf/popl/LiangHJ95.bib},
  bibsource    = {dblp computer science bibliography,
                  https://dblp.org}
}

@proceedings{popl/1995,
  editor    = {Ron K. Cytron and
               Peter Lee},
  title     = {Conference Record of POPL'95: 22nd {ACM} {SIGPLAN-SIGACT} Symposium
               on Principles of Programming Languages, San Francisco, California,
               USA, January 23-25, 1995},
  publisher = {{ACM} Press},
  year      = {1995},
  url       = {http://dl.acm.org/citation.cfm?id=199448},
  isbn      = {0-89791-692-1},
  timestamp = {Mon, 10 Dec 2012 15:26:39 +0100},
  biburl    = {https://dblp.org/rec/conf/popl/1995.bib},
  bibsource = {dblp computer science bibliography, https://dblp.org}
}

@Article{Churchill2014reusable,
  author       = {Martin Churchill and Peter D. Mosses and Neil
                  Sculthorpe and Paolo Torrini},
  title        = {Reusable Components of Semantic Specifications},
  year         = 2015,
  volume       = 12,
  pages        = {132-179},
  doi          = {10.1007/978-3-662-46734-3\_4},
  url          = {https://doi.org/10.1007/978-3-662-46734-3\_4},
  journal      = {{LNCS} Trans. Aspect Oriented Softw. Dev.},
  crossref     = {taosd/2015-12},
  timestamp    = {Thu, 04 Jul 2019 19:21:46 +0200},
  biburl       =
                  {https://dblp.org/rec/journals/taosd/ChurchillMST14.bib},
  bibsource    = {dblp computer science bibliography,
                  https://dblp.org}
}

@proceedings{taosd/2015-12,
  editor    = {Shigeru Chiba and
               {\'{E}}ric Tanter and
               Erik Ernst and
               Robert Hirschfeld},
  title     = {Transactions on Aspect-Oriented Software Development {XII}},
  series    = {Lecture Notes in Computer Science},
  volume    = {8989},
  publisher = {Springer},
  year      = {2015},
  url       = {https://doi.org/10.1007/978-3-662-46734-3},
  doi       = {10.1007/978-3-662-46734-3},
  isbn      = {978-3-662-46733-6},
  timestamp = {Tue, 14 May 2019 10:00:55 +0200},
  biburl    = {https://dblp.org/rec/journals/taosd/2015-12.bib},
  bibsource = {dblp computer science bibliography, https://dblp.org}
}

@Article{Rosu2010anoverview,
  author       = {Grigore Rosu and Traian{-}Florin Serbanuta},
  title        = {An overview of the {K} semantic framework},
  year         = 2010,
  volume       = 79,
  number       = 6,
  pages        = {397-434},
  doi          = {10.1016/j.jlap.2010.03.012},
  url          = {https://doi.org/10.1016/j.jlap.2010.03.012},
  journal      = {J. Log. Algebraic Methods Program.},
  timestamp    = {Mon, 15 Jun 2020 16:51:03 +0200},
  biburl       = {https://dblp.org/rec/journals/jlp/RosuS10.bib},
  bibsource    = {dblp computer science bibliography,
                  https://dblp.org}
}

@InProceedings{Vergu2015dynsem,
  author       = {Vlad A. Vergu and Pierre Neron and Eelco Visser},
  title        = {DynSem: {A} {DSL} for Dynamic Semantics
                  Specification},
  year         = 2015,
  booktitle    = {26th International Conference on Rewriting
                  Techniques and Applications, {RTA} 2015, June 29 to
                  July 1, 2015, Warsaw, Poland},
  pages        = {365-378},
  doi          = {10.4230/LIPIcs.RTA.2015.365},
  url          = {https://doi.org/10.4230/LIPIcs.RTA.2015.365},
  crossref     = {rta/2015},
  timestamp    = {Tue, 11 Feb 2020 15:52:14 +0100},
  biburl       = {https://dblp.org/rec/conf/rta/VerguNV15.bib},
  bibsource    = {dblp computer science bibliography,
                  https://dblp.org}
}

@proceedings{rta/2015,
  editor    = {Maribel Fern{\'{a}}ndez},
  title     = {26th International Conference on Rewriting Techniques and Applications,
               {RTA} 2015, June 29 to July 1, 2015, Warsaw, Poland},
  series    = {LIPIcs},
  volume    = {36},
  publisher = {Schloss Dagstuhl - Leibniz-Zentrum f{\"{u}}r Informatik},
  year      = {2015},
  url       = {http://www.dagstuhl.de/dagpub/978-3-939897-85-9},
  isbn      = {978-3-939897-85-9},
  timestamp = {Tue, 11 Feb 2020 15:52:14 +0100},
  biburl    = {https://dblp.org/rec/conf/rta/2015.bib},
  bibsource = {dblp computer science bibliography, https://dblp.org}
}

@Article{Levin2003tinkertype,
  author       = {Michael Y. Levin and Benjamin C. Pierce},
  title        = {TinkerType: a language for playing with formal
                  systems},
  year         = 2003,
  volume       = 13,
  number       = 2,
  pages        = {295-316},
  doi          = {10.1017/S0956796802004550},
  url          = {https://doi.org/10.1017/S0956796802004550},
  journal      = {J. Funct. Program.},
  timestamp    = {Sat, 27 May 2017 14:24:34 +0200},
  biburl       = {https://dblp.org/rec/journals/jfp/LevinP03.bib},
  bibsource    = {dblp computer science bibliography,
                  https://dblp.org}
}

@Article{Sewell2010ott,
  author       = {Peter Sewell and Francesco Zappa Nardelli and Scott
                  Owens and Gilles Peskine and Thomas Ridge and Susmit
                  Sarkar and Rok Strnisa},
  title        = {Ott: Effective tool support for the working
                  semanticist},
  year         = 2010,
  volume       = 20,
  number       = 1,
  pages        = {71-122},
  doi          = {10.1017/S0956796809990293},
  url          = {https://doi.org/10.1017/S0956796809990293},
  journal      = {J. Funct. Program.},
  timestamp    = {Sat, 16 Sep 2017 12:05:52 +0200},
  biburl       =
                  {https://dblp.org/rec/journals/jfp/SewellNOPRSS10.bib},
  bibsource    = {dblp computer science bibliography,
                  https://dblp.org}
}

@InProceedings{Plotkin2002notions,
  author       = {Gordon D. Plotkin and John Power},
  title        = {Notions of Computation Determine Monads},
  year         = 2002,
  booktitle    = {Foundations of Software Science and Computation
                  Structures, 5th International Conference, {FOSSACS}
                  2002. Held as Part of the Joint European Conferences
                  on Theory and Practice of Software, {ETAPS} 2002
                  Grenoble, France, April 8-12, 2002, Proceedings},
  pages        = {342-356},
  doi          = {10.1007/3-540-45931-6\_24},
  url          = {https://doi.org/10.1007/3-540-45931-6\_24},
  crossref     = {fossacs/2002},
  timestamp    = {Tue, 14 May 2019 10:00:55 +0200},
  biburl       = {https://dblp.org/rec/conf/fossacs/PlotkinP02.bib},
  bibsource    = {dblp computer science bibliography,
                  https://dblp.org}
}

@proceedings{fossacs/2002,
  editor    = {Mogens Nielsen and
               Uffe Engberg},
  title     = {Foundations of Software Science and Computation Structures, 5th International
               Conference, {FOSSACS} 2002. Held as Part of the Joint European Conferences
               on Theory and Practice of Software, {ETAPS} 2002 Grenoble, France,
               April 8-12, 2002, Proceedings},
  series    = {Lecture Notes in Computer Science},
  volume    = {2303},
  publisher = {Springer},
  year      = {2002},
  url       = {https://doi.org/10.1007/3-540-45931-6},
  doi       = {10.1007/3-540-45931-6},
  isbn      = {3-540-43366-X},
  timestamp = {Tue, 14 May 2019 10:00:55 +0200},
  biburl    = {https://dblp.org/rec/conf/fossacs/2002.bib},
  bibsource = {dblp computer science bibliography, https://dblp.org}
}

@InProceedings{Plotkin2009handlers,
  author       = {Gordon D. Plotkin and Matija Pretnar},
  title        = {Handlers of Algebraic Effects},
  year         = 2009,
  booktitle    = {Programming Languages and Systems, 18th European
                  Symposium on Programming, {ESOP} 2009, Held as Part
                  of the Joint European Conferences on Theory and
                  Practice of Software, {ETAPS} 2009, York, UK, March
                  22-29, 2009.  Proceedings},
  pages        = {80-94},
  doi          = {10.1007/978-3-642-00590-9\_7},
  url          = {https://doi.org/10.1007/978-3-642-00590-9\_7},
  crossref     = {esop/2009},
  timestamp    = {Tue, 14 May 2019 10:00:41 +0200},
  biburl       = {https://dblp.org/rec/conf/esop/PlotkinP09.bib},
  bibsource    = {dblp computer science bibliography,
                  https://dblp.org}
}

@proceedings{esop/2009,
  editor    = {Giuseppe Castagna},
  title     = {Programming Languages and Systems, 18th European Symposium on Programming,
               {ESOP} 2009, Held as Part of the Joint European Conferences on Theory
               and Practice of Software, {ETAPS} 2009, York, UK, March 22-29, 2009.
               Proceedings},
  series    = {Lecture Notes in Computer Science},
  volume    = {5502},
  publisher = {Springer},
  year      = {2009},
  url       = {https://doi.org/10.1007/978-3-642-00590-9},
  doi       = {10.1007/978-3-642-00590-9},
  isbn      = {978-3-642-00589-3},
  timestamp = {Tue, 14 May 2019 10:00:41 +0200},
  biburl    = {https://dblp.org/rec/conf/esop/2009.bib},
  bibsource = {dblp computer science bibliography, https://dblp.org}
}

@InProceedings{ClementDDK86,
  author       = {Dominique Cl{\'{e}}ment and Jo{\"{e}}lle Despeyroux
                  and Th. Despeyroux and Gilles Kahn},
  title        = {A Simple Applicative Language: Mini-ML},
  year         = 1986,
  booktitle    = {Proceedings of the 1986 {ACM} Conference on {LISP}
                  and Functional Programming, {LFP} 1986, August 4-6,
                  1986, Cambridge, Massachusetts, {USA}},
  pages        = {13-27},
  crossref     = {conf/lfp/1986},
  timestamp    = {Sat, 03 Aug 2019 15:23:06 +0200},
  biburl       = {https://dblp.org/rec/conf/lfp/ClementDDK86.bib},
  bibsource    = {dblp computer science bibliography,
                  https://dblp.org}
}

@proceedings{conf/lfp/1986,
  title     = {Proceedings of the 1986 {ACM} Conference on {LISP} and Functional
               Programming, {LFP} 1986, August 4-6, 1986, Cambridge, Massachusetts,
               {USA}},
  publisher = {{ACM}},
  year      = {1986},
  url       = {https://dl.acm.org/citation.cfm?id=319838},
  isbn      = {0-89791-200-4},
  timestamp = {Mon, 21 Dec 2020 00:32:46 +0100},
  biburl    = {https://dblp.org/rec/conf/lfp/1986.bib},
  bibsource = {dblp computer science bibliography, https://dblp.org}
}

@unpublished{McBride2011ornamental,
  title = {Ornamental Algebras, Algebraic Ornaments},
  author = {Conor McBride},
  year = {2011},
  note = {Unpublished manuscript}
}

@inproceedings{DBLP:conf/sle/Cimini0S20,
  author    = {Matteo Cimini and
               Dale Miller and
               Jeremy G. Siek},
  editor    = {Ralf L{\"{a}}mmel and
               Laurence Tratt and
               Juan de Lara},
  title     = {Extrinsically typed operational semantics for functional languages},
  booktitle = {Proceedings of the 13th {ACM} {SIGPLAN} International Conference on
               Software Language Engineering, {SLE} 2020, Virtual Event, USA, November
               16-17, 2020},
  pages     = {108--125},
  publisher = {{ACM}},
  year      = {2020},
  url       = {https://doi.org/10.1145/3426425.3426936},
  doi       = {10.1145/3426425.3426936},
  timestamp = {Thu, 10 Dec 2020 12:12:44 +0100},
  biburl    = {https://dblp.org/rec/conf/sle/Cimini0S20.bib},
  bibsource = {dblp computer science bibliography, https://dblp.org}
}

@inproceedings{Uustalu00codingrecursion,
    author    = {Tarmo Uustalu and Varmo Vene},
    title     = {Coding Recursion a la Mendler},
    editor    = {Johan Jeuring},
    pages     = {69–85},
    booktitle = {Proceedings Workshop on Generic Programming (WGP2000)},
    year      = {2000}
}

@article{DBLP:journals/sosym/LeducDWC20,
  author    = {Manuel Leduc and
               Thomas Degueule and
               Eric Van Wyk and
               Beno{\^{\i}}t Combemale},
  title     = {The Software Language Extension Problem},
  journal   = {Softw. Syst. Model.},
  volume    = {19},
  number    = {2},
  pages     = {263--267},
  year      = {2020},
  url       = {https://doi.org/10.1007/s10270-019-00772-7},
  doi       = {10.1007/s10270-019-00772-7},
  timestamp = {Fri, 18 Sep 2020 11:19:18 +0200},
  biburl    = {https://dblp.org/rec/journals/sosym/LeducDWC20.bib},
  bibsource = {dblp computer science bibliography, https://dblp.org}
}

@article{DBLP:journals/njc/BenkeDJ03,
  author    = {Marcin Benke and
               Peter Dybjer and
               Patrik Jansson},
  title     = {Universes for Generic Programs and Proofs in Dependent Type Theory},
  journal   = {Nord. J. Comput.},
  volume    = {10},
  number    = {4},
  pages     = {265--289},
  year      = {2003},
  timestamp = {Wed, 14 Jan 2004 15:34:07 +0100},
  biburl    = {https://dblp.org/rec/journals/njc/BenkeDJ03.bib},
  bibsource = {dblp computer science bibliography, https://dblp.org}
}

@Article{SozeauM19,
  author       = {Matthieu Sozeau and Cyprien Mangin},
  title        = {Equations reloaded: high-level dependently-typed
                  functional programming and proving in Coq},
  year         = 2019,
  volume       = 3,
  number       = {{ICFP}},
  pages        = {86:1--86:29},
  doi          = {10.1145/3341690},
  url          = {https://doi.org/10.1145/3341690},
  journal      = {Proc. {ACM} Program. Lang.},
  timestamp    = {Wed, 17 Feb 2021 08:54:04 +0100},
  biburl       = {https://dblp.org/rec/journals/pacmpl/SozeauM19.bib},
  bibsource    = {dblp computer science bibliography,
                  https://dblp.org}
}

@article{kripke1963semantical,
  title={Semantical analysis of modal logic i normal modal propositional calculi},
  author={Kripke, Saul A},
  journal={Mathematical Logic Quarterly},
  volume={9},
  number={5-6},
  pages={67--96},
  year={1963},
  publisher={WILEY-VCH Verlag Berlin GmbH Berlin}
}

@inproceedings{TorriniS15,
  author    = {Paolo Torrini and
               Tom Schrijvers},
  editor    = {Ralph Matthes and
               Matteo Mio},
  title     = {Reasoning about modular datatypes with Mendler induction},
  booktitle = {Proceedings Tenth International Workshop on Fixed Points in Computer
               Science, {FICS} 2015, Berlin, Germany, September 11-12, 2015},
  series    = {{EPTCS}},
  volume    = {191},
  pages     = {143--157},
  year      = {2015},
  url       = {https://doi.org/10.4204/EPTCS.191.13},
  doi       = {10.4204/EPTCS.191.13},
  timestamp = {Fri, 30 Nov 2018 13:24:58 +0100},
  biburl    = {https://dblp.org/rec/journals/corr/TorriniS15.bib},
  bibsource = {dblp computer science bibliography, https://dblp.org}
}



@article{DBLP:journals/corr/abs-2005-02247,
  author    = {James Wood and
               Robert Atkey},
  title     = {A Linear Algebra Approach to Linear Metatheory},
  journal   = {CoRR},
  volume    = {abs/2005.02247},
  year      = {2020},
  url       = {https://arxiv.org/abs/2005.02247},
  archivePrefix = {arXiv},
  eprint    = {2005.02247},
  timestamp = {Sat, 09 May 2020 15:06:08 +0200},
  biburl    = {https://dblp.org/rec/journals/corr/abs-2005-02247.bib},
  bibsource = {dblp computer science bibliography, https://dblp.org}
}


@article{DBLP:journals/fac/Meertens92,
  author    = {Lambert G. L. T. Meertens},
  title     = {Paramorphisms},
  journal   = {Formal Aspects Comput.},
  volume    = {4},
  number    = {5},
  pages     = {413--424},
  year      = {1992},
  url       = {https://doi.org/10.1007/BF01211391},
  doi       = {10.1007/BF01211391},
  timestamp = {Tue, 25 Aug 2020 16:45:59 +0200},
  biburl    = {https://dblp.org/rec/journals/fac/Meertens92.bib},
  bibsource = {dblp computer science bibliography, https://dblp.org}
}

@techreport{Moggi89a,
  author = {Eugenio Moggi},
  title = {An Abstract View of Programming Languages},
  institution = {Edinburgh University, Department of Computer
		  Science},
  year = 1989,
  month = {June},
  number = {ECS-LFCS-90-113},
}


@inproceedings{DBLP:conf/lics/Moggi89,
  author    = {Eugenio Moggi},
  title     = {Computational Lambda-Calculus and Monads},
  booktitle = {Proceedings of the Fourth Annual Symposium on Logic in Computer Science
               {(LICS} '89), Pacific Grove, California, USA, June 5-8, 1989},
  pages     = {14--23},
  publisher = {{IEEE} Computer Society},
  year      = {1989},
  url       = {https://doi.org/10.1109/LICS.1989.39155},
  doi       = {10.1109/LICS.1989.39155},
  timestamp = {Wed, 16 Oct 2019 14:14:54 +0200},
  biburl    = {https://dblp.org/rec/conf/lics/Moggi89.bib},
  bibsource = {dblp computer science bibliography, https://dblp.org}
}

@article{mcbride2011functional,
  title={Functional pearl: Kleisli arrows of outrageous fortune},
  author={McBride, Conor},
  journal={Journal of Functional Programming (to appear)},
  year={2011}
}

@inproceedings{DBLP:conf/csl/HancockS00,
  author    = {Peter G. Hancock and
               Anton Setzer},
  editor    = {Peter Clote and
               Helmut Schwichtenberg},
  title     = {Interactive Programs in Dependent Type Theory},
  booktitle = {Computer Science Logic, 14th Annual Conference of the EACSL, Fischbachau,
               Germany, August 21-26, 2000, Proceedings},
  series    = {Lecture Notes in Computer Science},
  volume    = {1862},
  pages     = {317--331},
  publisher = {Springer},
  year      = {2000},
  url       = {https://doi.org/10.1007/3-540-44622-2\_21},
  doi       = {10.1007/3-540-44622-2\_21},
  timestamp = {Fri, 19 Jun 2020 12:14:16 +0200},
  biburl    = {https://dblp.org/rec/conf/csl/HancockS00.bib},
  bibsource = {dblp computer science bibliography, https://dblp.org}
}

@Book{plfa,
    author = {Philip Wadler and Wen Kokke and Jeremy G. Siek},
    title  = {Programming Language Foundations in {A}gda},
    year   = {2020},
    month  = jul,
    url    = {http://plfa.inf.ed.ac.uk/20.07/},
}

@article{DBLP:journals/jfp/Atkey09,
  author    = {Robert Atkey},
  title     = {Parameterised notions of computation},
  journal   = {J. Funct. Program.},
  volume    = {19},
  number    = {3-4},
  pages     = {335--376},
  year      = {2009},
  url       = {https://doi.org/10.1017/S095679680900728X},
  doi       = {10.1017/S095679680900728X},
  timestamp = {Tue, 06 Jun 2017 22:25:48 +0200},
  biburl    = {https://dblp.org/rec/journals/jfp/Atkey09.bib},
  bibsource = {dblp computer science bibliography, https://dblp.org}
}

@Article{DBLP:journals/ipl/Harper94,
  author       = {Robert Harper},
  title        = {A Simplified Account of Polymorphic References},
  year         = 1994,
  volume       = 51,
  number       = 4,
  pages        = {201-206},
  doi          = {10.1016/0020-0190(94)90120-1},
  journal      = {Inf. Process. Lett.},
}

@article{DBLP:journals/jfp/Hutton99,
  author    = {Graham Hutton},
  title     = {A Tutorial on the Universality and Expressiveness of Fold},
  journal   = {J. Funct. Program.},
  volume    = {9},
  number    = {4},
  pages     = {355--372},
  year      = {1999},
  url       = {http://journals.cambridge.org/action/displayAbstract?aid=44275},
  timestamp = {Fri, 10 Jun 2011 14:42:12 +0200},
  biburl    = {https://dblp.org/rec/journals/jfp/Hutton99.bib},
  bibsource = {dblp computer science bibliography, https://dblp.org}
}

@inproceedings{DBLP:conf/icfp/Chlipala08,
  author    = {Adam Chlipala},
  editor    = {James Hook and
               Peter Thiemann},
  title     = {Parametric higher-order abstract syntax for mechanized semantics},
  booktitle = {Proceeding of the 13th {ACM} {SIGPLAN} international conference on
               Functional programming, {ICFP} 2008, Victoria, BC, Canada, September
               20-28, 2008},
  pages     = {143--156},
  publisher = {{ACM}},
  year      = {2008},
  url       = {https://doi.org/10.1145/1411204.1411226},
  doi       = {10.1145/1411204.1411226},
  timestamp = {Fri, 25 Jun 2021 14:48:54 +0200},
  biburl    = {https://dblp.org/rec/conf/icfp/Chlipala08.bib},
  bibsource = {dblp computer science bibliography, https://dblp.org}
}

@inproceedings{DBLP:conf/fpca/MeijerFP91,
  author    = {Erik Meijer and
               Maarten M. Fokkinga and
               Ross Paterson},
  editor    = {John Hughes},
  title     = {Functional Programming with Bananas, Lenses, Envelopes and Barbed
               Wire},
  booktitle = {Functional Programming Languages and Computer Architecture, 5th {ACM}
               Conference, Cambridge, MA, USA, August 26-30, 1991, Proceedings},
  series    = {Lecture Notes in Computer Science},
  volume    = {523},
  pages     = {124--144},
  publisher = {Springer},
  year      = {1991},
  url       = {https://doi.org/10.1007/3540543961\_7},
  doi       = {10.1007/3540543961\_7},
  timestamp = {Tue, 14 May 2019 10:00:44 +0200},
  biburl    = {https://dblp.org/rec/conf/fpca/MeijerFP91.bib},
  bibsource = {dblp computer science bibliography, https://dblp.org}
}

@InProceedings{MusserS88,
  author       = {David R. Musser and Alexander A. Stepanov},
  title        = {Generic Programming},
  year         = 1988,
  booktitle    = {Symbolic and Algebraic Computation, International Symposium
                  ISSAC'88, Rome, Italy, July 4-8, 1988, Proceedings},
  pages        = {13-25},
  doi          = {10.1007/3-540-51084-2\_2},
  url          = {https://doi.org/10.1007/3-540-51084-2\_2},
  crossref     = {DBLP:conf/issac/1988},
  timestamp    = {Fri, 17 Jul 2020 16:12:46 +0200},
  biburl       = {https://dblp.org/rec/conf/issac/MusserS88.bib},
  bibsource    = {dblp computer science bibliography, https://dblp.org}
}

@proceedings{conf/issac/1988,
  editor    = {Patrizia M. Gianni},
  title     = {Symbolic and Algebraic Computation, International Symposium ISSAC'88,
               Rome, Italy, July 4-8, 1988, Proceedings},
  series    = {Lecture Notes in Computer Science},
  volume    = {358},
  publisher = {Springer},
  year      = {1989},
  url       = {https://doi.org/10.1007/3-540-51084-2},
  doi       = {10.1007/3-540-51084-2},
  isbn      = {3-540-51084-2},
  timestamp = {Wed, 07 Jul 2021 12:01:19 +0200},
  biburl    = {https://dblp.org/rec/conf/issac/1988.bib},
  bibsource = {dblp computer science bibliography, https://dblp.org}
}

@InProceedings{Norell08,
  author       = {Ulf Norell},
  title        = {Dependently Typed Programming in Agda},
  year         = 2008,
  booktitle    = {Advanced Functional Programming, 6th International School,
                  {AFP} 2008, Heijen, The Netherlands, May 2008, Revised
                  Lectures},
  pages        = {230-266},
  doi          = {10.1007/978-3-642-04652-0\_5},
  url          = {https://doi.org/10.1007/978-3-642-04652-0\_5},
  crossref     = {conf/afp/2008},
  timestamp    = {Tue, 14 May 2019 10:00:44 +0200},
  biburl       = {https://dblp.org/rec/conf/afp/Norell08.bib},
  bibsource    = {dblp computer science bibliography, https://dblp.org}
}

@proceedings{conf/afp/2008,
  editor    = {Pieter W. M. Koopman and
               Rinus Plasmeijer and
               S. Doaitse Swierstra},
  title     = {Advanced Functional Programming, 6th International School, {AFP} 2008,
               Heijen, The Netherlands, May 2008, Revised Lectures},
  series    = {Lecture Notes in Computer Science},
  volume    = {5832},
  publisher = {Springer},
  year      = {2009},
  url       = {https://doi.org/10.1007/978-3-642-04652-0},
  doi       = {10.1007/978-3-642-04652-0},
  isbn      = {978-3-642-04651-3},
  timestamp = {Wed, 07 Jul 2021 14:09:14 +0200},
  biburl    = {https://dblp.org/rec/conf/afp/2008.bib},
  bibsource = {dblp computer science bibliography, https://dblp.org}
}

@InProceedings{MycroftOP16,
  author       = {Alan Mycroft and Dominic A. Orchard and Tomas Petricek},
  title        = {Effect Systems Revisited - Control-Flow Algebra and Semantics},
  year         = 2016,
  booktitle    = {Semantics, Logics, and Calculi - Essays Dedicated to Hanne
                  Riis Nielson and Flemming Nielson on the Occasion of Their
                  60th Birthdays},
  pages        = {1-32},
  doi          = {10.1007/978-3-319-27810-0\_1},
  url          = {https://doi.org/10.1007/978-3-319-27810-0\_1},
  crossref     = {conf/birthday/2016nielson},
  timestamp    = {Fri, 27 Mar 2020 08:59:04 +0100},
  biburl       = {https://dblp.org/rec/conf/birthday/MycroftOP16.bib},
  bibsource    = {dblp computer science bibliography, https://dblp.org}
}

@proceedings{conf/birthday/2016nielson,
  editor    = {Christian W. Probst and
               Chris Hankin and
               Ren{\'{e}} Rydhof Hansen},
  title     = {Semantics, Logics, and Calculi - Essays Dedicated to Hanne Riis Nielson
               and Flemming Nielson on the Occasion of Their 60th Birthdays},
  series    = {Lecture Notes in Computer Science},
  volume    = {9560},
  publisher = {Springer},
  year      = {2016},
  url       = {https://doi.org/10.1007/978-3-319-27810-0},
  doi       = {10.1007/978-3-319-27810-0},
  isbn      = {978-3-319-27809-4},
  timestamp = {Wed, 07 Jul 2021 15:29:12 +0200},
  biburl    = {https://dblp.org/rec/conf/birthday/2016nielson.bib},
  bibsource = {dblp computer science bibliography, https://dblp.org}
}

@ARTICLE{TAOSD,
    AUTHOR    = "Martin Churchill and Peter D. Mosses and Neil Sculthorpe and Paolo Torrini",
    TITLE     = "Reusable Components of Semantic Specifications",
    YEAR      = "2015",
    PAGES     = "132-179",
    JOURNAL   = "{LNCS} Trans. Aspect Oriented Softw. Dev.",
    VOLUME    = "12",
    DOI       = "10.1007/978-3-662-46734-3\_4",
}

@INPROCEEDINGS{FOSSACS2013,
    AUTHOR    = "Martin Churchill and Peter D. Mosses",
    EDITOR    = "Frank Pfenning",
    TITLE     = "Modular Bisimulation Theory for Computations and Values",
    BOOKTITLE = "FOSSACS 2013",
    YEAR      = "2013",
    PAGES     = "97-112",
    PUBLISHER = "Springer",
    SERIES    = "LNCS",
    VOLUME    = "7794",
    DOI       = "10.1007/978-3-642-37075-5"
}

@Article{Bruijn91,
  author       = {N. G. de Bruijn},
  title        = {Telescopic Mappings in Typed Lambda Calculus},
  year         = 1991,
  volume       = 91,
  number       = 2,
  pages        = {189-204},
  doi          = {10.1016/0890-5401(91)90066-B},
  url          = {https://doi.org/10.1016/0890-5401(91)90066-B},
  journal      = {Inf. Comput.},
  timestamp    = {Fri, 12 Feb 2021 22:16:17 +0100},
  biburl       = {https://dblp.org/rec/journals/iandc/Bruijn91.bib},
  bibsource    = {dblp computer science bibliography, https://dblp.org}
}

@Article{de_Bruijn_1972,
  author       = {de Bruijn, N.G},
  title        = {Lambda calculus notation with nameless dummies},
  year         = 1972,
  volume       = 75,
  number       = 5,
  pages        = {381–392},
  issn         = {1385-7258},
  doi          = {10.1016/1385-7258(72)90034-0},
  url          = {http://dx.doi.org/10.1016/1385-7258(72)90034-0},
  journal      = {Indagationes Mathematicae (Proceedings)},
  publisher    = {Elsevier BV}
}

@InProceedings{DBLP:conf/icfp/DevrieseP11,
  author       = {Dominique Devriese and Frank Piessens},
  title        = {On the bright side of type classes: instance arguments in Agda},
  year         = 2011,
  booktitle    = {{ACM} {SIGPLAN} international conference on Functional Programming ({ICFP})},
  pages        = {143-155},
  doi          = {10.1145/2034773.2034796},
}

@TechReport{Moggi90anabstract,
  author	= "Eugenio Moggi",
  title		= "An Abstract View of Programming Languages",
  institution	= "LFCS, University of Edinburgh",
  year		= 1990,
  number	= "ECS-LFCS-90-113",
  url		= "http://www.disi.unige.it/person/MoggiE/ftp/abs-view.ps.gz"
}

@InProceedings{GiffordL86,
  author       = {David K. Gifford and John M. Lucassen},
  title        = {Integrating Functional and Imperative Programming},
  year         = 1986,
  booktitle    = {Proceedings of the 1986 {ACM} Conference on {LISP} and
                  Functional Programming, {LFP} 1986, Cambridge, Massachusetts,
                  USA, August 4-6, 1986},
  pages        = {28-38},
  doi          = {10.1145/319838.319848},
  url          = {https://doi.org/10.1145/319838.319848},
  crossref     = {conf/lfp/1986},
  timestamp    = {Fri, 06 Aug 2021 15:08:55 +0200},
  biburl       = {https://dblp.org/rec/conf/lfp/GiffordL86.bib},
  bibsource    = {dblp computer science bibliography, https://dblp.org}
}

@InProceedings{LucassenG88,
  author       = {John M. Lucassen and David K. Gifford},
  title        = {Polymorphic Effect Systems},
  year         = 1988,
  booktitle    = {Conference Record of the Fifteenth Annual {ACM} Symposium on
                  Principles of Programming Languages, San Diego, California,
                  USA, January 10-13, 1988},
  pages        = {47-57},
  doi          = {10.1145/73560.73564},
  url          = {https://doi.org/10.1145/73560.73564},
  crossref     = {conf/popl/1988},
  timestamp    = {Thu, 16 Sep 2021 11:02:28 +0200},
  biburl       = {https://dblp.org/rec/conf/popl/LucassenG88.bib},
  bibsource    = {dblp computer science bibliography, https://dblp.org}
}

@proceedings{conf/popl/1988,
  editor    = {Jeanne Ferrante and
               Peter Mager},
  title     = {Conference Record of the Fifteenth Annual {ACM} Symposium on Principles
               of Programming Languages, San Diego, California, USA, January 10-13,
               1988},
  publisher = {{ACM} Press},
  year      = {1988},
  url       = {http://dl.acm.org/citation.cfm?id=73560},
  isbn      = {0-89791-252-7},
  timestamp = {Tue, 12 Oct 2021 13:18:21 +0200},
  biburl    = {https://dblp.org/rec/conf/popl/1988.bib},
  bibsource = {dblp computer science bibliography, https://dblp.org}
}

@InProceedings{TalpinJ92,
  author       = {Jean{-}Pierre Talpin and Pierre Jouvelot},
  title        = {The Type and Effect Discipline},
  year         = 1992,
  booktitle    = {Proceedings of the Seventh Annual Symposium on Logic in
                  Computer Science {(LICS} '92), Santa Cruz, California, USA,
                  June 22-25, 1992},
  pages        = {162-173},
  doi          = {10.1109/LICS.1992.185530},
  url          = {https://doi.org/10.1109/LICS.1992.185530},
  crossref     = {conf/lics/1992},
  timestamp    = {Wed, 16 Oct 2019 14:14:54 +0200},
  biburl       = {https://dblp.org/rec/conf/lics/TalpinJ92.bib},
  bibsource    = {dblp computer science bibliography, https://dblp.org}
}

@proceedings{conf/lics/1992,
  title     = {Proceedings of the Seventh Annual Symposium on Logic in Computer Science
               {(LICS} '92), Santa Cruz, California, USA, June 22-25, 1992},
  publisher = {{IEEE} Computer Society},
  year      = {1992},
  url       = {https://ieeexplore.ieee.org/xpl/conhome/402/proceeding},
  isbn      = {0-8186-2735-2},
  timestamp = {Tue, 12 Oct 2021 13:19:14 +0200},
  biburl    = {https://dblp.org/rec/conf/lics/1992.bib},
  bibsource = {dblp computer science bibliography, https://dblp.org}
}

@inproceedings{DBLP:conf/cpp/HuC21,
  author    = {Jason Z. S. Hu and
               Jacques Carette},
  editor    = {Catalin Hritcu and
               Andrei Popescu},
  title     = {Formalizing category theory in Agda},
  booktitle = {{CPP} '21: 10th {ACM} {SIGPLAN} International Conference on Certified
               Programs and Proofs, Virtual Event, Denmark, January 17-19, 2021},
  pages     = {327--342},
  publisher = {{ACM}},
  year      = {2021},
  url       = {https://doi.org/10.1145/3437992.3439922},
  doi       = {10.1145/3437992.3439922},
  timestamp = {Thu, 14 Oct 2021 10:14:33 +0200},
  biburl    = {https://dblp.org/rec/conf/cpp/HuC21.bib},
  bibsource = {dblp computer science bibliography, https://dblp.org}
}

@InProceedings{KiselyovI15,
  author       = {Oleg Kiselyov and Hiromi Ishii},
  title        = {Freer monads, more extensible effects},
  year         = 2015,
  booktitle    = {Proceedings of the 8th {ACM} {SIGPLAN} Symposium on Haskell,
                  Haskell 2015, Vancouver, BC, Canada, September 3-4, 2015},
  pages        = {94-105},
  doi          = {10.1145/2804302.2804319},
  url          = {https://doi.org/10.1145/2804302.2804319},
  crossref     = {DBLP:conf/haskell/2015},
  timestamp    = {Sun, 25 Jul 2021 11:50:00 +0200},
  biburl       = {https://dblp.org/rec/conf/haskell/KiselyovI15.bib},
  bibsource    = {dblp computer science bibliography, https://dblp.org}
}

@proceedings{DBLP:conf/haskell/2015,
  editor    = {Ben Lippmeier},
  title     = {Proceedings of the 8th {ACM} {SIGPLAN} Symposium on Haskell, Haskell
               2015, Vancouver, BC, Canada, September 3-4, 2015},
  publisher = {{ACM}},
  year      = {2015},
  url       = {https://doi.org/10.1145/2804302},
  doi       = {10.1145/2804302},
  isbn      = {978-1-4503-3808-0},
  timestamp = {Sat, 25 Jun 2022 10:35:49 +0200},
  biburl    = {https://dblp.org/rec/conf/haskell/2015.bib},
  bibsource = {dblp computer science bibliography, https://dblp.org}
}

@InProceedings{WuSH14,
  author       = {Nicolas Wu and Tom Schrijvers and Ralf Hinze},
  title        = {Effect handlers in scope},
  year         = 2014,
  booktitle    = {Proceedings of the 2014 {ACM} {SIGPLAN} symposium on Haskell,
                  Gothenburg, Sweden, September 4-5, 2014},
  pages        = {1-12},
  doi          = {10.1145/2633357.2633358},
  url          = {https://doi.org/10.1145/2633357.2633358},
  crossref     = {DBLP:conf/haskell/2014},
  timestamp    = {Thu, 24 Jun 2021 16:19:29 +0200},
  biburl       = {https://dblp.org/rec/conf/haskell/WuSH14.bib},
  bibsource    = {dblp computer science bibliography, https://dblp.org}
}

@proceedings{DBLP:conf/haskell/2014,
  editor    = {Wouter Swierstra},
  title     = {Proceedings of the 2014 {ACM} {SIGPLAN} symposium on Haskell, Gothenburg,
               Sweden, September 4-5, 2014},
  publisher = {{ACM}},
  year      = {2014},
  url       = {https://doi.org/10.1145/2633357},
  doi       = {10.1145/2633357},
  isbn      = {978-1-4503-3041-1},
  timestamp = {Sun, 26 Jun 2022 20:48:45 +0200},
  biburl    = {https://dblp.org/rec/conf/haskell/2014.bib},
  bibsource = {dblp computer science bibliography, https://dblp.org}
}

@InProceedings{YangPWBS22,
  author       = {Zhixuan Yang and Marco Paviotti and Nicolas Wu and Birthe van
                  den Berg and Tom Schrijvers},
  title        = {Structured Handling of Scoped Effects},
  year         = 2022,
  booktitle    = {Programming Languages and Systems - 31st European Symposium on
                  Programming, {ESOP} 2022, Held as Part of the European Joint
                  Conferences on Theory and Practice of Software, {ETAPS} 2022,
                  Munich, Germany, April 2-7, 2022, Proceedings},
  pages        = {462-491},
  doi          = {10.1007/978-3-030-99336-8\_17},
  url          = {https://doi.org/10.1007/978-3-030-99336-8\_17},
  crossref     = {DBLP:conf/esop/2022},
  timestamp    = {Fri, 29 Apr 2022 14:50:41 +0200},
  biburl       = {https://dblp.org/rec/conf/esop/YangPWBS22.bib},
  bibsource    = {dblp computer science bibliography, https://dblp.org}
}

@proceedings{DBLP:conf/esop/2022,
  editor    = {Ilya Sergey},
  title     = {Programming Languages and Systems - 31st European Symposium on Programming,
               {ESOP} 2022, Held as Part of the European Joint Conferences on Theory
               and Practice of Software, {ETAPS} 2022, Munich, Germany, April 2-7,
               2022, Proceedings},
  series    = {Lecture Notes in Computer Science},
  volume    = {13240},
  publisher = {Springer},
  year      = {2022},
  url       = {https://doi.org/10.1007/978-3-030-99336-8},
  doi       = {10.1007/978-3-030-99336-8},
  isbn      = {978-3-030-99335-1},
  timestamp = {Sun, 26 Jun 2022 21:28:10 +0200},
  biburl    = {https://dblp.org/rec/conf/esop/2022.bib},
  bibsource = {dblp computer science bibliography, https://dblp.org}
}

@InProceedings{PirogSWJ18,
  author       = {Maciej Pir{\'{o}}g and Tom Schrijvers and Nicolas Wu and Mauro
                  Jaskelioff},
  title        = {Syntax and Semantics for Operations with Scopes},
  year         = 2018,
  booktitle    = {Proceedings of the 33rd Annual {ACM/IEEE} Symposium on Logic
                  in Computer Science, {LICS} 2018, Oxford, UK, July 09-12,
                  2018},
  pages        = {809-818},
  doi          = {10.1145/3209108.3209166},
  url          = {https://doi.org/10.1145/3209108.3209166},
  crossref     = {DBLP:conf/lics/2018},
  timestamp    = {Thu, 14 Oct 2021 09:50:17 +0200},
  biburl       = {https://dblp.org/rec/conf/lics/PirogSWJ18.bib},
  bibsource    = {dblp computer science bibliography, https://dblp.org}
}

@proceedings{DBLP:conf/lics/2018,
  editor    = {Anuj Dawar and
               Erich Gr{\"{a}}del},
  title     = {Proceedings of the 33rd Annual {ACM/IEEE} Symposium on Logic in Computer
               Science, {LICS} 2018, Oxford, UK, July 09-12, 2018},
  publisher = {{ACM}},
  year      = {2018},
  url       = {https://doi.org/10.1145/3209108},
  doi       = {10.1145/3209108},
  timestamp = {Sun, 26 Jun 2022 21:28:54 +0200},
  biburl    = {https://dblp.org/rec/conf/lics/2018.bib},
  bibsource = {dblp computer science bibliography, https://dblp.org}
}

@inproceedings{cenciarelli1993syntactic,
  title = {A syntactic approach to modularity in denotational semantics},
  author = {Cenciarelli, Pietro and Moggi, Eugenio},
  proceedings = {Proceedings of the Conference on Category Theory and Computer Science},
  year = {1993}
}

@InProceedings{Wadler92,
  author       = {Philip Wadler},
  title        = {The Essence of Functional Programming},
  year         = 1992,
  booktitle    = {Conference Record of the Nineteenth Annual {ACM}
                  {SIGPLAN-SIGACT} Symposium on Principles of Programming
                  Languages, Albuquerque, New Mexico, USA, January 19-22, 1992},
  pages        = {1-14},
  doi          = {10.1145/143165.143169},
  url          = {https://doi.org/10.1145/143165.143169},
  crossref     = {DBLP:conf/popl/1992},
  timestamp    = {Tue, 06 Nov 2018 11:07:43 +0100},
  biburl       = {https://dblp.org/rec/conf/popl/Wadler92.bib},
  bibsource    = {dblp computer science bibliography, https://dblp.org}
}

@proceedings{DBLP:conf/popl/1992,
  editor    = {Ravi Sethi},
  title     = {Conference Record of the Nineteenth Annual {ACM} {SIGPLAN-SIGACT}
               Symposium on Principles of Programming Languages, Albuquerque, New
               Mexico, USA, January 19-22, 1992},
  publisher = {{ACM} Press},
  year      = {1992},
  url       = {http://dl.acm.org/citation.cfm?id=143165},
  isbn      = {0-89791-453-8},
  timestamp = {Mon, 27 Jun 2022 10:17:01 +0200},
  biburl    = {https://dblp.org/rec/conf/popl/1992.bib},
  bibsource = {dblp computer science bibliography, https://dblp.org}
}

@Article{TahaS00,
  author       = {Walid Taha and Tim Sheard},
  title        = {MetaML and multi-stage programming with explicit annotations},
  journal      = {Theor. Comput. Sci.},
  year         = 2000,
  volume       = 248,
  number       = {1-2},
  pages        = {211-242},
  doi          = {10.1016/S0304-3975(00)00053-0},
  url          = {https://doi.org/10.1016/S0304-3975(00)00053-0},
  timestamp    = {Wed, 17 Feb 2021 22:00:46 +0100},
  biburl       = {https://dblp.org/rec/journals/tcs/TahaS00.bib},
  bibsource    = {dblp computer science bibliography, https://dblp.org}
}

@InProceedings{Leijen17,
  author       = {Daan Leijen},
  title        = {Type directed compilation of row-typed algebraic effects},
  year         = 2017,
  booktitle    = {Proceedings of the 44th {ACM} {SIGPLAN} Symposium on
                  Principles of Programming Languages, {POPL} 2017, Paris,
                  France, January 18-20, 2017},
  pages        = {486-499},
  doi          = {10.1145/3009837.3009872},
  url          = {https://doi.org/10.1145/3009837.3009872},
  crossref     = {DBLP:conf/popl/2017},
  timestamp    = {Mon, 14 Feb 2022 09:20:26 +0100},
  biburl       = {https://dblp.org/rec/conf/popl/Leijen17.bib},
  bibsource    = {dblp computer science bibliography, https://dblp.org}
}

@proceedings{DBLP:conf/popl/2017,
  editor    = {Giuseppe Castagna and
               Andrew D. Gordon},
  title     = {Proceedings of the 44th {ACM} {SIGPLAN} Symposium on Principles of
               Programming Languages, {POPL} 2017, Paris, France, January 18-20,
               2017},
  publisher = {{ACM}},
  year      = {2017},
  url       = {https://doi.org/10.1145/3009837},
  doi       = {10.1145/3009837},
  isbn      = {978-1-4503-4660-3},
  timestamp = {Mon, 27 Jun 2022 20:16:40 +0200},
  biburl    = {https://dblp.org/rec/conf/popl/2017.bib},
  bibsource = {dblp computer science bibliography, https://dblp.org}
}

@InProceedings{LindleyMM17,
  author       = {Sam Lindley and Conor McBride and Craig McLaughlin},
  title        = {Do be do be do},
  year         = 2017,
  booktitle    = {Proceedings of the 44th {ACM} {SIGPLAN} Symposium on
                  Principles of Programming Languages, {POPL} 2017, Paris,
                  France, January 18-20, 2017},
  pages        = {500-514},
  doi          = {10.1145/3009837.3009897},
  url          = {https://doi.org/10.1145/3009837.3009897},
  crossref     = {DBLP:conf/popl/2017},
  timestamp    = {Mon, 14 Feb 2022 09:20:26 +0100},
  biburl       = {https://dblp.org/rec/conf/popl/LindleyMM17.bib},
  bibsource    = {dblp computer science bibliography, https://dblp.org}
}

@InProceedings{BentonKR98,
  author       = {Nick Benton and Andrew Kennedy and George Russell},
  title        = {Compiling Standard {ML} to Java Bytecodes},
  year         = 1998,
  booktitle    = {Proceedings of the third {ACM} {SIGPLAN} International
                  Conference on Functional Programming {(ICFP} '98), Baltimore,
                  Maryland, USA, September 27-29, 1998},
  pages        = {129-140},
  doi          = {10.1145/289423.289435},
  url          = {https://doi.org/10.1145/289423.289435},
  crossref     = {DBLP:conf/icfp/1998},
  timestamp    = {Thu, 08 Jul 2021 16:04:01 +0200},
  biburl       = {https://dblp.org/rec/conf/icfp/BentonKR98.bib},
  bibsource    = {dblp computer science bibliography, https://dblp.org}
}

@proceedings{DBLP:conf/icfp/1998,
  editor    = {Matthias Felleisen and
               Paul Hudak and
               Christian Queinnec},
  title     = {Proceedings of the third {ACM} {SIGPLAN} International Conference
               on Functional Programming {(ICFP} '98), Baltimore, Maryland, USA,
               September 27-29, 1998},
  publisher = {{ACM}},
  year      = {1998},
  url       = {https://doi.org/10.1145/289423},
  doi       = {10.1145/289423},
  isbn      = {1-58113-024-4},
  timestamp = {Mon, 27 Jun 2022 20:39:24 +0200},
  biburl    = {https://dblp.org/rec/conf/icfp/1998.bib},
  bibsource = {dblp computer science bibliography, https://dblp.org}
}

@book{awodey2010categorytheory,
  author = {Awodey, Steve},
  title = {Category Theory},
  year = {2010},
  isbn = {0199237182},
  publisher = {Oxford University Press, Inc.},
  address = {USA},
  edition = {2nd}
}

@InProceedings{Pretnar15,
  author       = {Matija Pretnar},
  title        = {An Introduction to Algebraic Effects and Handlers. Invited
                  tutorial paper},
  year         = 2015,
  booktitle    = {The 31st Conference on the Mathematical Foundations of
                  Programming Semantics, {MFPS} 2015, Nijmegen, The Netherlands,
                  June 22-25, 2015},
  pages        = {19-35},
  doi          = {10.1016/j.entcs.2015.12.003},
  url          = {https://doi.org/10.1016/j.entcs.2015.12.003},
  crossref     = {DBLP:conf/mfps/2015},
  timestamp    = {Sat, 09 Apr 2022 12:29:23 +0200},
  biburl       = {https://dblp.org/rec/journals/entcs/Pretnar15.bib},
  bibsource    = {dblp computer science bibliography, https://dblp.org}
}

@proceedings{DBLP:conf/mfps/2015,
  editor    = {Dan R. Ghica},
  title     = {The 31st Conference on the Mathematical Foundations of Programming
               Semantics, {MFPS} 2015, Nijmegen, The Netherlands, June 22-25, 2015},
  series    = {Electronic Notes in Theoretical Computer Science},
  volume    = {319},
  publisher = {Elsevier},
  year      = {2015},
  url       = {https://www.sciencedirect.com/journal/electronic-notes-in-theoretical-computer-science/vol/319/suppl/C},
  timestamp = {Mon, 27 Jun 2022 21:57:19 +0200},
  biburl    = {https://dblp.org/rec/conf/mfps/2015.bib},
  bibsource = {dblp computer science bibliography, https://dblp.org}
}

@InProceedings{HillerstromL18,
  author       = {Daniel Hillerstr{\"{o}}m and Sam Lindley},
  title        = {Shallow Effect Handlers},
  year         = 2018,
  booktitle    = {Programming Languages and Systems - 16th Asian Symposium,
                  {APLAS} 2018, Wellington, New Zealand, December 2-6, 2018,
                  Proceedings},
  pages        = {415-435},
  doi          = {10.1007/978-3-030-02768-1\_22},
  url          = {https://doi.org/10.1007/978-3-030-02768-1\_22},
  crossref     = {DBLP:conf/aplas/2018},
  timestamp    = {Tue, 29 Dec 2020 18:32:20 +0100},
  biburl       = {https://dblp.org/rec/conf/aplas/HillerstromL18.bib},
  bibsource    = {dblp computer science bibliography, https://dblp.org}
}

@proceedings{DBLP:conf/aplas/2018,
  editor    = {Sukyoung Ryu},
  title     = {Programming Languages and Systems - 16th Asian Symposium, {APLAS}
               2018, Wellington, New Zealand, December 2-6, 2018, Proceedings},
  series    = {Lecture Notes in Computer Science},
  volume    = {11275},
  publisher = {Springer},
  year      = {2018},
  url       = {https://doi.org/10.1007/978-3-030-02768-1},
  doi       = {10.1007/978-3-030-02768-1},
  isbn      = {978-3-030-02767-4},
  timestamp = {Tue, 28 Jun 2022 10:28:16 +0200},
  biburl    = {https://dblp.org/rec/conf/aplas/2018.bib},
  bibsource = {dblp computer science bibliography, https://dblp.org}
}

@InProceedings{SchrijversPWJ19,
  author       = {Tom Schrijvers and Maciej Pir{\'{o}}g and Nicolas Wu and Mauro
                  Jaskelioff},
  title        = {Monad transformers and modular algebraic effects: what binds
                  them together},
  year         = 2019,
  booktitle    = {Proceedings of the 12th {ACM} {SIGPLAN} International
                  Symposium on Haskell, Haskell@ICFP 2019, Berlin, Germany,
                  August 18-23, 2019},
  pages        = {98-113},
  doi          = {10.1145/3331545.3342595},
  url          = {https://doi.org/10.1145/3331545.3342595},
  crossref     = {DBLP:conf/haskell/2019},
  timestamp    = {Thu, 14 Oct 2021 10:26:03 +0200},
  biburl       = {https://dblp.org/rec/conf/haskell/SchrijversPWJ19.bib},
  bibsource    = {dblp computer science bibliography, https://dblp.org}
}

@proceedings{DBLP:conf/haskell/2019,
  editor    = {Richard A. Eisenberg},
  title     = {Proceedings of the 12th {ACM} {SIGPLAN} International Symposium on
               Haskell, Haskell@ICFP 2019, Berlin, Germany, August 18-23, 2019},
  publisher = {{ACM}},
  year      = {2019},
  url       = {https://doi.org/10.1145/3331545},
  doi       = {10.1145/3331545},
  isbn      = {978-1-4503-6813-1},
  timestamp = {Wed, 29 Jun 2022 00:54:17 +0200},
  biburl    = {https://dblp.org/rec/conf/haskell/2019.bib},
  bibsource = {dblp computer science bibliography, https://dblp.org}
}

@phdthesis{thielecke1997phd,
  year = 1997,
  author = {Hayo Thielecke},
  title = {Categorical Structure of Continuation Passing Style},
  school = {University of Edinburgh},
}

@InProceedings{DBLP:conf/csl/FioreS14,
  author       = {Marcelo P. Fiore and Sam Staton},
  title        = {Substitution, jumps, and algebraic effects},
  year         = 2014,
  booktitle    = {Joint Meeting of the Twenty-Third {EACSL} Annual Conference on
                  Computer Science Logic {(CSL)} and the Twenty-Ninth Annual
                  {ACM/IEEE} Symposium on Logic in Computer Science (LICS),
                  {CSL-LICS} '14, Vienna, Austria, July 14 - 18, 2014},
  pages        = {41:1--41:10},
  doi          = {10.1145/2603088.2603163},
  url          = {https://doi.org/10.1145/2603088.2603163},
  crossref     = {DBLP:conf/csl/2014},
  timestamp    = {Tue, 06 Nov 2018 11:07:36 +0100},
  biburl       = {https://dblp.org/rec/conf/csl/FioreS14.bib},
  bibsource    = {dblp computer science bibliography, https://dblp.org}
}

@proceedings{DBLP:conf/csl/2014,
  editor    = {Thomas A. Henzinger and
               Dale Miller},
  title     = {Joint Meeting of the Twenty-Third {EACSL} Annual Conference on Computer
               Science Logic {(CSL)} and the Twenty-Ninth Annual {ACM/IEEE} Symposium
               on Logic in Computer Science (LICS), {CSL-LICS} '14, Vienna, Austria,
               July 14 - 18, 2014},
  publisher = {{ACM}},
  year      = {2014},
  url       = {http://dl.acm.org/citation.cfm?id=2603088},
  isbn      = {978-1-4503-2886-9},
  timestamp = {Fri, 25 Feb 2022 12:26:59 +0100},
  biburl    = {https://dblp.org/rec/conf/csl/2014.bib},
  bibsource = {dblp computer science bibliography, https://dblp.org}
}

@InProceedings{AbbottAG03,
  author       = {Michael Gordon Abbott and Thorsten Altenkirch and Neil Ghani},
  title        = {Categories of Containers},
  year         = 2003,
  booktitle    = {Foundations of Software Science and Computational Structures,
                  6th International Conference, {FOSSACS} 2003 Held as Part of
                  the Joint European Conference on Theory and Practice of
                  Software, {ETAPS} 2003, Warsaw, Poland, April 7-11, 2003,
                  Proceedings},
  pages        = {23-38},
  doi          = {10.1007/3-540-36576-1\_2},
  url          = {https://doi.org/10.1007/3-540-36576-1\_2},
  crossref     = {DBLP:conf/fossacs/2003},
  timestamp    = {Mon, 14 Feb 2022 09:20:26 +0100},
  biburl       = {https://dblp.org/rec/conf/fossacs/AbbottAG03.bib},
  bibsource    = {dblp computer science bibliography, https://dblp.org}
}

@proceedings{DBLP:conf/fossacs/2003,
  editor    = {Andrew D. Gordon},
  title     = {Foundations of Software Science and Computational Structures, 6th
               International Conference, {FOSSACS} 2003 Held as Part of the Joint
               European Conference on Theory and Practice of Software, {ETAPS} 2003,
               Warsaw, Poland, April 7-11, 2003, Proceedings},
  series    = {Lecture Notes in Computer Science},
  volume    = {2620},
  publisher = {Springer},
  year      = {2003},
  url       = {https://doi.org/10.1007/3-540-36576-1},
  doi       = {10.1007/3-540-36576-1},
  isbn      = {3-540-00897-7},
  timestamp = {Thu, 30 Jun 2022 10:42:48 +0200},
  biburl    = {https://dblp.org/rec/conf/fossacs/2003.bib},
  bibsource = {dblp computer science bibliography, https://dblp.org}
}

@book{martin-lof1984intuitionistic,
  author    = {Per Martin{-}L{\"{o}}f},
  title     = {Intuitionistic type theory},
  series    = {Studies in proof theory},
  volume    = {1},
  publisher = {Bibliopolis},
  year      = {1984},
  isbn      = {978-88-7088-228-5},
  timestamp = {Thu, 19 Sep 2019 11:29:54 +0200},
  biburl    = {https://dblp.org/rec/books/daglib/0000395.bib},
  bibsource = {dblp computer science bibliography, https://dblp.org}
}

@Article{Levy06,
  author       = {Paul Blain Levy},
  title        = {Call-by-push-value: Decomposing call-by-value and
                  call-by-name},
  journal      = {High. Order Symb. Comput.},
  year         = 2006,
  volume       = 19,
  number       = 4,
  pages        = {377-414},
  doi          = {10.1007/s10990-006-0480-6},
  url          = {https://doi.org/10.1007/s10990-006-0480-6},
  timestamp    = {Thu, 05 Mar 2020 12:05:02 +0100},
  biburl       = {https://dblp.org/rec/journals/lisp/Levy06.bib},
  bibsource    = {dblp computer science bibliography, https://dblp.org}
}

@InProceedings{PfenningE88,
  author       = {Frank Pfenning and Conal Elliott},
  title        = {Higher-Order Abstract Syntax},
  year         = 1988,
  booktitle    = {Proceedings of the {ACM} SIGPLAN'88 Conference on Programming
                  Language Design and Implementation (PLDI), Atlanta, Georgia,
                  USA, June 22-24, 1988},
  pages        = {199-208},
  doi          = {10.1145/53990.54010},
  url          = {https://doi.org/10.1145/53990.54010},
  crossref     = {DBLP:conf/pldi/1988},
  timestamp    = {Fri, 09 Jul 2021 14:03:46 +0200},
  biburl       = {https://dblp.org/rec/conf/pldi/PfenningE88.bib},
  bibsource    = {dblp computer science bibliography, https://dblp.org}
}

@proceedings{DBLP:conf/pldi/1988,
  editor    = {Richard L. Wexelblat},
  title     = {Proceedings of the {ACM} SIGPLAN'88 Conference on Programming Language
               Design and Implementation (PLDI), Atlanta, Georgia, USA, June 22-24,
               1988},
  publisher = {{ACM}},
  year      = {1988},
  url       = {https://doi.org/10.1145/53990},
  doi       = {10.1145/53990},
  isbn      = {0-89791-269-1},
  timestamp = {Thu, 07 Jul 2022 10:54:12 +0200},
  biburl    = {https://dblp.org/rec/conf/pldi/1988.bib},
  bibsource = {dblp computer science bibliography, https://dblp.org}
}

@InProceedings{KammarLO13,
  author       = {Ohad Kammar and Sam Lindley and Nicolas Oury},
  title        = {Handlers in action},
  year         = 2013,
  booktitle    = {{ACM} {SIGPLAN} International Conference on Functional
                  Programming, ICFP'13, Boston, MA, {USA} - September 25 - 27,
                  2013},
  pages        = {145-158},
  doi          = {10.1145/2500365.2500590},
  url          = {https://doi.org/10.1145/2500365.2500590},
  crossref     = {DBLP:conf/icfp/2013},
  timestamp    = {Thu, 24 Jun 2021 16:19:30 +0200},
  biburl       = {https://dblp.org/rec/conf/icfp/KammarLO13.bib},
  bibsource    = {dblp computer science bibliography, https://dblp.org}
}

@proceedings{DBLP:conf/icfp/2013,
  editor    = {Greg Morrisett and
               Tarmo Uustalu},
  title     = {{ACM} {SIGPLAN} International Conference on Functional Programming,
               ICFP'13, Boston, MA, {USA} - September 25 - 27, 2013},
  publisher = {{ACM}},
  year      = {2013},
  url       = {https://doi.org/10.1145/2500365},
  doi       = {10.1145/2500365},
  isbn      = {978-1-4503-2326-0},
  timestamp = {Thu, 07 Jul 2022 20:48:48 +0200},
  biburl    = {https://dblp.org/rec/conf/icfp/2013.bib},
  bibsource = {dblp computer science bibliography, https://dblp.org}
}

@InProceedings{Steele94,
  author       = {Steele Jr., Guy L.},
  title        = {Building Interpreters by Composing Monads},
  year         = 1994,
  booktitle    = {Conference Record of POPL'94: 21st {ACM} {SIGPLAN-SIGACT}
                  Symposium on Principles of Programming Languages, Portland,
                  Oregon, USA, January 17-21, 1994},
  pages        = {472-492},
  doi          = {10.1145/174675.178068},
  url          = {https://doi.org/10.1145/174675.178068},
  crossref     = {DBLP:conf/popl/1994},
  timestamp    = {Sun, 02 Jun 2019 21:12:56 +0200},
  biburl       = {https://dblp.org/rec/conf/popl/Steele94.bib},
  bibsource    = {dblp computer science bibliography, https://dblp.org}
}

@proceedings{DBLP:conf/popl/1994,
  editor    = {Hans{-}Juergen Boehm and
               Bernard Lang and
               Daniel M. Yellin},
  title     = {Conference Record of POPL'94: 21st {ACM} {SIGPLAN-SIGACT} Symposium
               on Principles of Programming Languages, Portland, Oregon, USA, January
               17-21, 1994},
  publisher = {{ACM} Press},
  year      = {1994},
  url       = {http://dl.acm.org/citation.cfm?id=174675},
  isbn      = {0-89791-636-0},
  timestamp = {Thu, 07 Jul 2022 21:03:14 +0200},
  biburl    = {https://dblp.org/rec/conf/popl/1994.bib},
  bibsource = {dblp computer science bibliography, https://dblp.org}
}

@techreport{jones93,
  title = {Composing Monads},
  author  = {Mark P. Jones and Luc Duponcheel}, 
  type = {Research Report},
  number =  {YALEU/DCS/RR-1004}, 
  institution = {Yale University}, 
  address = {New Haven, Connecticut, USA}, 
  month   = {December},
  year = 1993,
  url = {http://web.cecs.pdx.edu/~mpj/pubs/RR-1004.pdf},
}

@InProceedings{DBLP:conf/popl/Filinski99,
  author       = {Andrzej Filinski},
  title        = {Representing Layered Monads},
  year         = 1999,
  booktitle    = {{POPL} '99, Proceedings of the 26th {ACM} {SIGPLAN-SIGACT}
                  Symposium on Principles of Programming Languages, San Antonio,
                  TX, USA, January 20-22, 1999},
  pages        = {175-188},
  doi          = {10.1145/292540.292557},
  url          = {https://doi.org/10.1145/292540.292557},
  crossref     = {DBLP:conf/popl/1999},
  timestamp    = {Tue, 06 Nov 2018 11:07:43 +0100},
  biburl       = {https://dblp.org/rec/conf/popl/Filinski99.bib},
  bibsource    = {dblp computer science bibliography, https://dblp.org}
}

@proceedings{DBLP:conf/popl/1999,
  editor    = {Andrew W. Appel and
               Alex Aiken},
  title     = {{POPL} '99, Proceedings of the 26th {ACM} {SIGPLAN-SIGACT} Symposium
               on Principles of Programming Languages, San Antonio, TX, USA, January
               20-22, 1999},
  publisher = {{ACM}},
  year      = {1999},
  url       = {http://dl.acm.org/citation.cfm?id=292540},
  isbn      = {1-58113-095-3},
  timestamp = {Thu, 07 Jul 2022 21:07:22 +0200},
  biburl    = {https://dblp.org/rec/conf/popl/1999.bib},
  bibsource = {dblp computer science bibliography, https://dblp.org}
}

@InProceedings{DBLP:conf/ifl/Jaskelioff08,
  author       = {Mauro Jaskelioff},
  title        = {Monatron: An Extensible Monad Transformer Library},
  year         = 2008,
  booktitle    = {Implementation and Application of Functional Languages - 20th
                  International Symposium, {IFL} 2008, Hatfield, UK, September
                  10-12, 2008. Revised Selected Papers},
  pages        = {233-248},
  doi          = {10.1007/978-3-642-24452-0\_13},
  url          = {https://doi.org/10.1007/978-3-642-24452-0\_13},
  crossref     = {DBLP:conf/ifl/2008},
  timestamp    = {Tue, 14 May 2019 10:00:35 +0200},
  biburl       = {https://dblp.org/rec/conf/ifl/Jaskelioff08.bib},
  bibsource    = {dblp computer science bibliography, https://dblp.org}
}

@proceedings{DBLP:conf/ifl/2008,
  editor    = {Sven{-}Bodo Scholz and
               Olaf Chitil},
  title     = {Implementation and Application of Functional Languages - 20th International
               Symposium, {IFL} 2008, Hatfield, UK, September 10-12, 2008. Revised
               Selected Papers},
  series    = {Lecture Notes in Computer Science},
  volume    = {5836},
  publisher = {Springer},
  year      = {2011},
  url       = {https://doi.org/10.1007/978-3-642-24452-0},
  doi       = {10.1007/978-3-642-24452-0},
  isbn      = {978-3-642-24451-3},
  timestamp = {Thu, 07 Jul 2022 21:10:06 +0200},
  biburl    = {https://dblp.org/rec/conf/ifl/2008.bib},
  bibsource = {dblp computer science bibliography, https://dblp.org}
}

@Article{BauerP15,
  author       = {Andrej Bauer and Matija Pretnar},
  title        = {Programming with algebraic effects and handlers},
  journal      = {J. Log. Algebraic Methods Program.},
  year         = 2015,
  volume       = 84,
  number       = 1,
  pages        = {108-123},
  doi          = {10.1016/j.jlamp.2014.02.001},
  url          = {https://doi.org/10.1016/j.jlamp.2014.02.001},
  timestamp    = {Sat, 09 Apr 2022 12:22:47 +0200},
  biburl       = {https://dblp.org/rec/journals/jlp/BauerP15.bib},
  bibsource    = {dblp computer science bibliography, https://dblp.org}
}

@Article{BrachthauserSO20,
  author       = {Jonathan Immanuel Brachth{\"{a}}user and Philipp Schuster and
                  Klaus Ostermann},
  title        = {Effects as capabilities: effect handlers and lightweight
                  effect polymorphism},
  journal      = {Proc. {ACM} Program. Lang.},
  year         = 2020,
  volume       = 4,
  number       = {{OOPSLA}},
  pages        = {126:1--126:30},
  doi          = {10.1145/3428194},
  url          = {https://doi.org/10.1145/3428194},
  timestamp    = {Wed, 17 Feb 2021 08:53:57 +0100},
  biburl       = {https://dblp.org/rec/journals/pacmpl/BrachthauserSO20.bib},
  bibsource    = {dblp computer science bibliography, https://dblp.org}
}

@Article{Plotkin04a,
  author       = {Gordon D. Plotkin},
  title        = {A structural approach to operational semantics},
  journal      = {J. Log. Algebraic Methods Program.},
  year         = 2004,
  volume       = {60-61},
  pages        = {17-139},
  timestamp    = {Mon, 18 May 2020 12:40:18 +0200},
  biburl       = {https://dblp.org/rec/journals/jlp/Plotkin04a.bib},
  bibsource    = {dblp computer science bibliography, https://dblp.org}
}

@InProceedings{SculthorpeTM16,
  author       = {Neil Sculthorpe and Paolo Torrini and Peter D. Mosses},
  title        = {A Modular Structural Operational Semantics for Delimited
                  Continuations},
  year         = 2015,
  booktitle    = {Proceedings of the Workshop on Continuations, WoC 2016,
                  London, UK, April 12th 2015},
  pages        = {63-80},
  doi          = {10.4204/EPTCS.212.5},
  url          = {https://doi.org/10.4204/EPTCS.212.5},
  crossref     = {DBLP:journals/corr/Danvyd16},
  timestamp    = {Wed, 12 Sep 2018 01:05:15 +0200},
  biburl       = {https://dblp.org/rec/journals/corr/SculthorpeTM16.bib},
  bibsource    = {dblp computer science bibliography, https://dblp.org}
}

@proceedings{DBLP:journals/corr/Danvyd16,
  editor    = {Olivier Danvy and
               Ugo de'Liguoro},
  title     = {Proceedings of the Workshop on Continuations, WoC 2016, London, UK,
               April 12th 2015},
  series    = {{EPTCS}},
  volume    = {212},
  year      = {2016},
  url       = {https://doi.org/10.4204/EPTCS.212},
  doi       = {10.4204/EPTCS.212},
  timestamp = {Thu, 07 Jul 2022 22:22:17 +0200},
  biburl    = {https://dblp.org/rec/journals/corr/Danvyd16.bib},
  bibsource = {dblp computer science bibliography, https://dblp.org}
}

@Article{FelleisenH92,
  author       = {Matthias Felleisen and Robert Hieb},
  title        = {The Revised Report on the Syntactic Theories of Sequential
                  Control and State},
  journal      = {Theor. Comput. Sci.},
  year         = 1992,
  volume       = 103,
  number       = 2,
  pages        = {235-271},
  doi          = {10.1016/0304-3975(92)90014-7},
  url          = {https://doi.org/10.1016/0304-3975(92)90014-7},
  timestamp    = {Wed, 17 Feb 2021 21:58:59 +0100},
  biburl       = {https://dblp.org/rec/journals/tcs/FelleisenH92.bib},
  bibsource    = {dblp computer science bibliography, https://dblp.org}
}

@Article{RosuS10,
  author       = {Grigore Rosu and Traian{-}Florin Serbanuta},
  title        = {An overview of the {K} semantic framework},
  journal      = {J. Log. Algebraic Methods Program.},
  year         = 2010,
  volume       = 79,
  number       = 6,
  pages        = {397-434},
  doi          = {10.1016/j.jlap.2010.03.012},
  url          = {https://doi.org/10.1016/j.jlap.2010.03.012},
  timestamp    = {Tue, 16 Feb 2021 15:58:24 +0100},
  biburl       = {https://dblp.org/rec/journals/jlp/RosuS10.bib},
  bibsource    = {dblp computer science bibliography, https://dblp.org}
}

@InProceedings{BergSPW21,
  author       = {Birthe van den Berg and Tom Schrijvers and Casper Bach Poulsen
                  and Nicolas Wu},
  title        = {Latent Effects for Reusable Language Components},
  year         = 2021,
  booktitle    = {Programming Languages and Systems - 19th Asian Symposium,
                  {APLAS} 2021, Chicago, IL, USA, October 17-18, 2021,
                  Proceedings},
  pages        = {182-201},
  doi          = {10.1007/978-3-030-89051-3\_11},
  url          = {https://doi.org/10.1007/978-3-030-89051-3\_11},
  crossref     = {DBLP:conf/aplas/2021},
  timestamp    = {Sat, 25 Dec 2021 15:52:31 +0100},
  biburl       = {https://dblp.org/rec/conf/aplas/BergSPW21.bib},
  bibsource    = {dblp computer science bibliography, https://dblp.org}
}

@proceedings{DBLP:conf/aplas/2021,
  editor    = {Hakjoo Oh},
  title     = {Programming Languages and Systems - 19th Asian Symposium, {APLAS}
               2021, Chicago, IL, USA, October 17-18, 2021, Proceedings},
  series    = {Lecture Notes in Computer Science},
  volume    = {13008},
  publisher = {Springer},
  year      = {2021},
  url       = {https://doi.org/10.1007/978-3-030-89051-3},
  doi       = {10.1007/978-3-030-89051-3},
  isbn      = {978-3-030-89050-6},
  timestamp = {Thu, 07 Jul 2022 22:48:19 +0200},
  biburl    = {https://dblp.org/rec/conf/aplas/2021.bib},
  bibsource = {dblp computer science bibliography, https://dblp.org}
}

@Article{Claessen99,
  author       = {Koen Claessen},
  title        = {A Poor Man's Concurrency Monad},
  journal      = {J. Funct. Program.},
  year         = 1999,
  volume       = 9,
  number       = 3,
  pages        = {313-323},
  doi          = {10.1017/s0956796899003342},
  url          = {https://doi.org/10.1017/s0956796899003342},
  timestamp    = {Fri, 10 Jun 2022 10:35:14 +0200},
  biburl       = {https://dblp.org/rec/journals/jfp/Claessen99.bib},
  bibsource    = {dblp computer science bibliography, https://dblp.org}
}

@book{Schmidt1986denotational,
  title = "Denotational Semantics",
  author = "David Schmidt",
  year = 1986,
  publisher = "Allyn and Bacon"
}

@InProceedings{PirogG14,
  author       = {Maciej Pir{\'{o}}g and Jeremy Gibbons},
  title        = {The Coinductive Resumption Monad},
  year         = 2014,
  booktitle    = {Proceedings of the 30th Conference on the Mathematical
                  Foundations of Programming Semantics, {MFPS} 2014, Ithaca, NY,
                  USA, June 12-15, 2014},
  pages        = {273-288},
  doi          = {10.1016/j.entcs.2014.10.015},
  url          = {https://doi.org/10.1016/j.entcs.2014.10.015},
  crossref     = {DBLP:conf/mfps/2014},
  timestamp    = {Thu, 14 Oct 2021 09:27:24 +0200},
  biburl       = {https://dblp.org/rec/journals/entcs/PirogG14.bib},
  bibsource    = {dblp computer science bibliography, https://dblp.org}
}

@proceedings{DBLP:conf/mfps/2014,
  editor    = {Bart Jacobs and
               Alexandra Silva and
               Sam Staton},
  title     = {Proceedings of the 30th Conference on the Mathematical Foundations
               of Programming Semantics, {MFPS} 2014, Ithaca, NY, USA, June 12-15,
               2014},
  series    = {Electronic Notes in Theoretical Computer Science},
  volume    = {308},
  publisher = {Elsevier},
  year      = {2014},
  url       = {https://www.sciencedirect.com/journal/electronic-notes-in-theoretical-computer-science/vol/308/suppl/C},
  timestamp = {Fri, 08 Jul 2022 02:27:13 +0200},
  biburl    = {https://dblp.org/rec/conf/mfps/2014.bib},
  bibsource = {dblp computer science bibliography, https://dblp.org}
}

@Article{PlotkinP03,
  author       = {Gordon D. Plotkin and John Power},
  title        = {Algebraic Operations and Generic Effects},
  journal      = {Appl. Categorical Struct.},
  year         = 2003,
  volume       = 11,
  number       = 1,
  pages        = {69-94},
  doi          = {10.1023/A:1023064908962},
  url          = {https://doi.org/10.1023/A:1023064908962},
  timestamp    = {Tue, 29 Sep 2020 10:59:27 +0200},
  biburl       = {https://dblp.org/rec/journals/acs/PlotkinP03.bib},
  bibsource    = {dblp computer science bibliography, https://dblp.org}
}

@Article{DBLP:journals/pacmpl/BiernackiPPS18,
  author       = {Dariusz Biernacki and Maciej Pir{\'{o}}g and Piotr Polesiuk
                  and Filip Sieczkowski},
  title        = {Handle with care: relational interpretation of algebraic
                  effects and handlers},
  journal      = {Proc. {ACM} Program. Lang.},
  year         = 2018,
  volume       = 2,
  number       = {{POPL}},
  pages        = {8:1--8:30},
  doi          = {10.1145/3158096},
  url          = {https://doi.org/10.1145/3158096},
  timestamp    = {Thu, 14 Oct 2021 08:48:51 +0200},
  biburl       = {https://dblp.org/rec/journals/pacmpl/BiernackiPPS18.bib},
  bibsource    = {dblp computer science bibliography, https://dblp.org}
}

@Article{DBLP:journals/pacmpl/ZhangM19,
  author       = {Yizhou Zhang and Andrew C. Myers},
  title        = {Abstraction-safe effect handlers via tunneling},
  journal      = {Proc. {ACM} Program. Lang.},
  year         = 2019,
  volume       = 3,
  number       = {{POPL}},
  pages        = {5:1--5:29},
  doi          = {10.1145/3290318},
  url          = {https://doi.org/10.1145/3290318},
  timestamp    = {Wed, 17 Feb 2021 08:54:09 +0100},
  biburl       = {https://dblp.org/rec/journals/pacmpl/ZhangM19.bib},
  bibsource    = {dblp computer science bibliography, https://dblp.org}
}

@InProceedings{DBLP:conf/afp/Jones95,
  author       = {Mark P. Jones},
  title        = {Functional Programming with Overloading and Higher-Order
                  Polymorphism},
  year         = 1995,
  booktitle    = {Advanced Functional Programming, First International Spring
                  School on Advanced Functional Programming Techniques,
                  B{\aa}stad, Sweden, May 24-30, 1995, Tutorial Text},
  pages        = {97-136},
  doi          = {10.1007/3-540-59451-5\_4},
  url          = {https://doi.org/10.1007/3-540-59451-5\_4},
  crossref     = {DBLP:conf/afp/1995},
  timestamp    = {Tue, 14 May 2019 10:00:44 +0200},
  biburl       = {https://dblp.org/rec/conf/afp/Jones95.bib},
  bibsource    = {dblp computer science bibliography, https://dblp.org}
}

@proceedings{DBLP:conf/afp/1995,
  editor    = {Johan Jeuring and
               Erik Meijer},
  title     = {Advanced Functional Programming, First International Spring School
               on Advanced Functional Programming Techniques, B{\aa}stad, Sweden,
               May 24-30, 1995, Tutorial Text},
  series    = {Lecture Notes in Computer Science},
  volume    = {925},
  publisher = {Springer},
  year      = {1995},
  url       = {https://doi.org/10.1007/3-540-59451-5},
  doi       = {10.1007/3-540-59451-5},
  isbn      = {3-540-59451-5},
  timestamp = {Wed, 12 Oct 2022 09:39:10 +0200},
  biburl    = {https://dblp.org/rec/conf/afp/1995.bib},
  bibsource = {dblp computer science bibliography, https://dblp.org}
}

@PhdThesis{DBLP:phd/ch/Rompf12,
  author       = {Tiark Rompf},
  title        = {Lightweight Modular Staging and Embedded Compilers -
                  Abstraction without Regret for High-Level High-Performance
                  Programming},
  school       = {EPFL, Switzerland},
  year         = 2012,
  url          = {https://doi.org/10.5075/epfl-thesis-5456},
  doi          = {10.5075/epfl-thesis-5456},
  timestamp    = {Tue, 02 Aug 2022 15:57:15 +0200},
  biburl       = {https://dblp.org/rec/phd/ch/Rompf12.bib},
  bibsource    = {dblp computer science bibliography, https://dblp.org}
}

@Book{DBLP:books/daglib/0069193,
  author       = {Benjamin C. Pierce},
  title        = {Basic category theory for computer scientists},
  year         = 1991,
  series       = {Foundations of computing},
  publisher    = {{MIT} Press},
  isbn         = {978-0-262-66071-6},
  timestamp    = {Tue, 19 Apr 2011 17:04:46 +0200},
  biburl       = {https://dblp.org/rec/books/daglib/0069193.bib},
  bibsource    = {dblp computer science bibliography, https://dblp.org}
}

@book{arbib1975arrows,
  title={Arrows, Structures, and Functors: The Categorical Imperative},
  author={Arbib, Michael A. and Manes, Ernest G.},
  year={1975},
  publisher={Academic Press}
}

@InProceedings{DBLP:conf/ifip/Reynolds83,
  author       = {John C. Reynolds},
  title        = {Types, Abstraction and Parametric Polymorphism},
  year         = 1983,
  booktitle    = {Information Processing 83, Proceedings of the {IFIP} 9th World
                  Computer Congress, Paris, France, September 19-23, 1983},
  pages        = {513-523},
  crossref     = {DBLP:conf/ifip/1983},
  timestamp    = {Sun, 28 Jul 2019 17:03:41 +0200},
  biburl       = {https://dblp.org/rec/conf/ifip/Reynolds83.bib},
  bibsource    = {dblp computer science bibliography, https://dblp.org}
}

@proceedings{DBLP:conf/ifip/1983,
  editor    = {R. E. A. Mason},
  title     = {Information Processing 83, Proceedings of the {IFIP} 9th World Computer
               Congress, Paris, France, September 19-23, 1983},
  publisher = {North-Holland/IFIP},
  year      = {1983},
  isbn      = {0-444-86729-5},
  timestamp = {Mon, 24 Oct 2022 14:46:43 +0200},
  biburl    = {https://dblp.org/rec/conf/ifip/1983.bib},
  bibsource = {dblp computer science bibliography, https://dblp.org}
}

@Article{DBLP:journals/fac/BirdP99,
  author       = {Richard S. Bird and Ross Paterson},
  title        = {Generalised folds for nested datatypes},
  journal      = {Formal Aspects Comput.},
  year         = 1999,
  volume       = 11,
  number       = 2,
  pages        = {200-222},
  doi          = {10.1007/s001650050047},
  url          = {https://doi.org/10.1007/s001650050047},
  timestamp    = {Mon, 09 May 2022 16:20:12 +0200},
  biburl       = {https://dblp.org/rec/journals/fac/BirdP99.bib},
  bibsource    = {dblp computer science bibliography, https://dblp.org}
}

@InProceedings{DBLP:conf/icfp/Brady13,
  author       = {Edwin C. Brady},
  title        = {Programming and reasoning with algebraic effects and dependent
                  types},
  year         = 2013,
  booktitle    = {{ACM} {SIGPLAN} International Conference on Functional
                  Programming, ICFP'13, Boston, MA, {USA} - September 25 - 27,
                  2013},
  pages        = {133-144},
  doi          = {10.1145/2500365.2500581},
  url          = {https://doi.org/10.1145/2500365.2500581},
  crossref     = {DBLP:conf/icfp/2013},
  timestamp    = {Thu, 24 Jun 2021 16:19:30 +0200},
  biburl       = {https://dblp.org/rec/conf/icfp/Brady13.bib},
  bibsource    = {dblp computer science bibliography, https://dblp.org}
}

@misc{heftyalgebraspopl23artifact,
  author       = "Bach Poulsen, Casper",
  title        = "Hefty Algebras: Modular Elaboration of Higher-Order Algebraic Effects -- Artifact",
  year         = "2023",
  note         = "\url{https://doi.org/10.5281/zenodo.7315899}",
}

@InProceedings{DBLP:conf/ppdp/SchrijversWDD14,
  author       = {Tom Schrijvers and Nicolas Wu and Benoit Desouter and Bart
                  Demoen},
  title        = {Heuristics Entwined with Handlers Combined: From Functional
                  Specification to Logic Programming Implementation},
  year         = 2014,
  booktitle    = {Proceedings of the 16th International Symposium on Principles
                  and Practice of Declarative Programming, Kent, Canterbury,
                  United Kingdom, September 8-10, 2014},
  pages        = {259-270},
  doi          = {10.1145/2643135.2643145},
  url          = {https://doi.org/10.1145/2643135.2643145},
  crossref     = {DBLP:conf/ppdp/2014},
  timestamp    = {Sat, 19 Oct 2019 20:35:08 +0200},
  biburl       = {https://dblp.org/rec/conf/ppdp/SchrijversWDD14.bib},
  bibsource    = {dblp computer science bibliography, https://dblp.org}
}

@proceedings{DBLP:conf/ppdp/2014,
  editor    = {Olaf Chitil and
               Andy King and
               Olivier Danvy},
  title     = {Proceedings of the 16th International Symposium on Principles and
               Practice of Declarative Programming, Kent, Canterbury, United Kingdom,
               September 8-10, 2014},
  publisher = {{ACM}},
  year      = {2014},
  url       = {http://dl.acm.org/citation.cfm?id=2643135},
  isbn      = {978-1-4503-2947-7},
  timestamp = {Mon, 14 Nov 2022 12:05:05 +0100},
  biburl    = {https://dblp.org/rec/conf/ppdp/2014.bib},
  bibsource = {dblp computer science bibliography, https://dblp.org}
}

@article{DBLP:journals/tcs/HylandPP06,
  author       = {Martin Hyland and
                  Gordon D. Plotkin and
                  John Power},
  title        = {Combining effects: Sum and tensor},
  journal      = {Theor. Comput. Sci.},
  volume       = {357},
  number       = {1-3},
  pages        = {70--99},
  year         = {2006},
  url          = {https://doi.org/10.1016/j.tcs.2006.03.013},
  doi          = {10.1016/J.TCS.2006.03.013},
  timestamp    = {Wed, 17 Feb 2021 22:00:39 +0100},
  biburl       = {https://dblp.org/rec/journals/tcs/HylandPP06.bib},
  bibsource    = {dblp computer science bibliography, https://dblp.org}
}

@article{DBLP:journals/pacmpl/YangW21,
  author       = {Zhixuan Yang and
                  Nicolas Wu},
  title        = {Reasoning about effect interaction by fusion},
  journal      = {Proc. {ACM} Program. Lang.},
  volume       = {5},
  number       = {{ICFP}},
  pages        = {1--29},
  year         = {2021},
  url          = {https://doi.org/10.1145/3473578},
  doi          = {10.1145/3473578},
  timestamp    = {Sat, 08 Jan 2022 02:21:37 +0100},
  biburl       = {https://dblp.org/rec/journals/pacmpl/YangW21.bib},
  bibsource    = {dblp computer science bibliography, https://dblp.org}
}

@article{DBLP:journals/pacmpl/RestPRVM22,
  author       = {Cas van der Rest and
                  Casper Bach Poulsen and
                  Arjen Rouvoet and
                  Eelco Visser and
                  Peter D. Mosses},
  title        = {Intrinsically-typed definitional interpreters {\`{a}} la carte},
  journal      = {Proc. {ACM} Program. Lang.},
  volume       = {6},
  number       = {{OOPSLA2}},
  pages        = {1903--1932},
  year         = {2022},
  url          = {https://doi.org/10.1145/3563355},
  doi          = {10.1145/3563355},
  timestamp    = {Mon, 05 Dec 2022 13:35:13 +0100},
  biburl       = {https://dblp.org/rec/journals/pacmpl/RestPRVM22.bib},
  bibsource    = {dblp computer science bibliography, https://dblp.org}
}

@article{DBLP:journals/jfp/AllaisACMM21,
  author       = {Guillaume Allais and
                  Robert Atkey and
                  James Chapman and
                  Conor McBride and
                  James McKinna},
  title        = {A type- and scope-safe universe of syntaxes with binding: their semantics
                  and proofs},
  journal      = {J. Funct. Program.},
  volume       = {31},
  pages        = {e22},
  year         = {2021},
  url          = {https://doi.org/10.1017/S0956796820000076},
  doi          = {10.1017/S0956796820000076},
  timestamp    = {Mon, 28 Aug 2023 21:42:08 +0200},
  biburl       = {https://dblp.org/rec/journals/jfp/AllaisACMM21.bib},
  bibsource    = {dblp computer science bibliography, https://dblp.org}
}

@misc{artifact,
	author = {Cas van der Rest and Casper Bach Poulsen},
	title = {{G}it{H}ub - heft-lang/hefty-equations: {M}odular reasoning about (elaborations of) higher-order effects --- github.com},
	howpublished = {\url{https://github.com/heft-lang/hefty-equations}},
	year = {2024}
}

@article{DBLP:journals/pacmpl/PoulsenR23,
  author       = {Casper Bach Poulsen and
                  Cas van der Rest},
  title        = {Hefty Algebras: Modular Elaboration of Higher-Order Algebraic Effects},
  journal      = {Proc. {ACM} Program. Lang.},
  volume       = {7},
  number       = {{POPL}},
  pages        = {1801--1831},
  year         = {2023},
  url          = {https://doi.org/10.1145/3571255},
  doi          = {10.1145/3571255},
  timestamp    = {Fri, 10 Feb 2023 23:34:55 +0100},
  biburl       = {https://dblp.org/rec/journals/pacmpl/PoulsenR23.bib},
  bibsource    = {dblp computer science bibliography, https://dblp.org}
}

@Article{DBLP:journals/corr/abs-2302-01415,
  author       = {Birthe van den Berg and Tom Schrijvers},
  title        = {A Framework for Higher-Order Effects {\&} Handlers},
  journal      = {CoRR},
  year         = 2023,
  volume       = {abs/2302.01415},
  doi          = {10.48550/ARXIV.2302.01415},
  eprint       = {2302.01415},
  eprinttype   = {arXiv},
  url          = {https://doi.org/10.48550/arXiv.2302.01415},
  timestamp    = {Mon, 05 Feb 2024 20:18:47 +0100},
  biburl       = {https://dblp.org/rec/journals/corr/abs-2302-01415.bib},
  bibsource    = {dblp computer science bibliography, https://dblp.org}
}


@inproceedings{WuS15,
  author       = {Nicolas Wu and
                  Tom Schrijvers},
  editor       = {Ralf Hinze and
                  Janis Voigtl{\"{a}}nder},
  title        = {Fusion for Free - Efficient Algebraic Effect Handlers},
  booktitle    = {Mathematics of Program Construction - 12th International Conference,
                  {MPC} 2015, K{\"{o}}nigswinter, Germany, June 29 - July 1, 2015.
                  Proceedings},
  series       = {Lecture Notes in Computer Science},
  volume       = {9129},
  pages        = {302--322},
  publisher    = {Springer},
  year         = {2015},
  url          = {https://doi.org/10.1007/978-3-319-19797-5\_15},
  doi          = {10.1007/978-3-319-19797-5\_15},
  timestamp    = {Sun, 06 Oct 2024 21:12:06 +0200},
  biburl       = {https://dblp.org/rec/conf/mpc/WuS15.bib},
  bibsource    = {dblp computer science bibliography, https://dblp.org}
}


@Article{KidneyYW24,
  author       = {Donnacha Ois{\'{\i}}n Kidney and Zhixuan Yang and Nicolas Wu},
  title        = {Algebraic Effects Meet {H}oare Logic in {C}ubical {A}gda},
  journal      = {Proc. {ACM} Program. Lang.},
  year         = 2024,
  volume       = 8,
  number       = {{POPL}},
  pages        = {1663-1695},
  doi          = {10.1145/3632898},
  url          = {https://doi.org/10.1145/3632898},
  timestamp    = {Mon, 05 Feb 2024 20:23:03 +0100},
  biburl       = {https://dblp.org/rec/journals/pacmpl/KidneyYW24.bib},
  bibsource    = {dblp computer science bibliography, https://dblp.org}
}

@Article{VezzosiMA21,
  author       = {Andrea Vezzosi and Anders M{\"{o}}rtberg and Andreas Abel},
  title        = {Cubical Agda: {A} dependently typed programming language with
                  univalence and higher inductive types},
  journal      = {J. Funct. Program.},
  year         = 2021,
  volume       = 31,
  pages        = {e8},
  doi          = {10.1017/S0956796821000034},
  url          = {https://doi.org/10.1017/S0956796821000034},
  timestamp    = {Sun, 16 May 2021 00:13:31 +0200},
  biburl       = {https://dblp.org/rec/journals/jfp/VezzosiMA21.bib},
  bibsource    = {dblp computer science bibliography, https://dblp.org}
}

@Book{DBLP:books/daglib/0046165,
  author       = {The Univalent Foundations Program},
  title        = {Homotopy Type Theory: Univalent Foundations of Mathematics},
  year         = 2013,
  publisher    = {Institute for Advanced Study},
  url          = {https://homotopytypetheory.org/book/},
  timestamp    = {Fri, 06 Dec 2019 15:25:34 +0100},
  biburl       = {https://dblp.org/rec/books/daglib/0046165.bib},
  bibsource    = {dblp computer science bibliography, https://dblp.org}
}

@Article{DBLP:journals/mscs/AngiuliBCHHL21,
  author       = {Carlo Angiuli and Guillaume Brunerie and Thierry Coquand and
                  Robert Harper and Kuen{-}Bang Hou (Favonia) and Daniel
                  R. Licata},
  title        = {Syntax and models of Cartesian cubical type theory},
  journal      = {Math. Struct. Comput. Sci.},
  year         = 2021,
  volume       = 31,
  number       = 4,
  pages        = {424-468},
  doi          = {10.1017/S0960129521000347},
  url          = {https://doi.org/10.1017/S0960129521000347},
  timestamp    = {Wed, 23 Feb 2022 11:16:44 +0100},
  biburl       = {https://dblp.org/rec/journals/mscs/AngiuliBCHHL21.bib},
  bibsource    = {dblp computer science bibliography, https://dblp.org}
}

@Article{DBLP:journals/flap/CohenCHM17,
  author       = {Cyril Cohen and Thierry Coquand and Simon Huber and Anders
                  M{\"{o}}rtberg},
  title        = {Cubical Type Theory: {A} Constructive Interpretation of the
                  Univalence Axiom},
  journal      = {{FLAP}},
  year         = 2017,
  volume       = 4,
  number       = 10,
  pages        = {3127-3170},
  url          = {http://collegepublications.co.uk/ifcolog/?00019},
  timestamp    = {Fri, 29 Jan 2021 13:41:28 +0100},
  biburl       = {https://dblp.org/rec/journals/flap/CohenCHM17.bib},
  bibsource    = {dblp computer science bibliography, https://dblp.org}
}

@InProceedings{LindleyMMSWY24,
  author       = {Sam Lindley and Cristina Matache and Sean K. Moss and Sam
                  Staton and Nicolas Wu and Zhixuan Yang},
  title        = {Scoped Effects as Parameterized Algebraic Theories},
  year         = 2024,
  booktitle    = {Programming Languages and Systems - 33rd European Symposium on
                  Programming, {ESOP} 2024, Held as Part of the European Joint
                  Conferences on Theory and Practice of Software, {ETAPS} 2024,
                  Luxembourg City, Luxembourg, April 6-11, 2024, Proceedings,
                  Part {I}},
  pages        = {3-21},
  doi          = {10.1007/978-3-031-57262-3\_1},
  url          = {https://doi.org/10.1007/978-3-031-57262-3\_1},
  crossref     = {DBLP:conf/esop/2024-1},
  timestamp    = {Sat, 08 Jun 2024 13:13:57 +0200},
  biburl       = {https://dblp.org/rec/conf/esop/LindleyMMSWY24.bib},
  bibsource    = {dblp computer science bibliography, https://dblp.org}
}

@proceedings{DBLP:conf/esop/2024-1,
  editor       = {Stephanie Weirich},
  title        = {Programming Languages and Systems - 33rd European Symposium on Programming,
                  {ESOP} 2024, Held as Part of the European Joint Conferences on Theory
                  and Practice of Software, {ETAPS} 2024, Luxembourg City, Luxembourg,
                  April 6-11, 2024, Proceedings, Part {I}},
  series       = {Lecture Notes in Computer Science},
  volume       = {14576},
  publisher    = {Springer},
  year         = {2024},
  url          = {https://doi.org/10.1007/978-3-031-57262-3},
  doi          = {10.1007/978-3-031-57262-3},
  isbn         = {978-3-031-57261-6},
  timestamp    = {Sat, 28 Dec 2024 13:10:12 +0100},
  biburl       = {https://dblp.org/rec/conf/esop/2024-1.bib},
  bibsource    = {dblp computer science bibliography, https://dblp.org}
}

@Article{Wand79,
  author       = {Mitchell Wand},
  title        = {Final Algebra Semantics and Data Type Extensions},
  journal      = {J. Comput. Syst. Sci.},
  year         = 1979,
  volume       = 19,
  number       = 1,
  pages        = {27-44},
  doi          = {10.1016/0022-0000(79)90011-4},
  url          = {https://doi.org/10.1016/0022-0000(79)90011-4},
  timestamp    = {Tue, 16 Feb 2021 14:04:31 +0100},
  biburl       = {https://dblp.org/rec/journals/jcss/Wand79.bib},
  bibsource    = {dblp computer science bibliography, https://dblp.org}
}

@Article{DBLP:journals/toplas/Kamin83,
  author       = {Samuel N. Kamin},
  title        = {Final Data Types and Their Specification},
  journal      = {{ACM} Trans. Program. Lang. Syst.},
  year         = 1983,
  volume       = 5,
  number       = 1,
  pages        = {97-123},
  doi          = {10.1145/357195.357202},
  url          = {https://doi.org/10.1145/357195.357202},
  timestamp    = {Tue, 06 Nov 2018 12:51:29 +0100},
  biburl       = {https://dblp.org/rec/journals/toplas/Kamin83.bib},
  bibsource    = {dblp computer science bibliography, https://dblp.org}
}

@InProceedings{Devriese19,
  author       = {Dominique Devriese},
  title        = {Modular effects in Haskell through effect polymorphism and
                  explicit dictionary applications: a new approach and the
                  {\(\mu\)}VeriFast verifier as a case study},
  year         = 2019,
  booktitle    = {Proceedings of the 12th {ACM} {SIGPLAN} International
                  Symposium on Haskell, Haskell@ICFP 2019, Berlin, Germany,
                  August 18-23, 2019},
  pages        = {1-14},
  doi          = {10.1145/3331545.3342589},
  url          = {https://doi.org/10.1145/3331545.3342589},
  crossref     = {DBLP:conf/haskell/2019},
  timestamp    = {Mon, 12 Jul 2021 15:34:15 +0200},
  biburl       = {https://dblp.org/rec/conf/haskell/Devriese19.bib},
  bibsource    = {dblp computer science bibliography, https://dblp.org}
}

@Article{DBLP:journals/tcs/Wadler90,
  author       = {Philip Wadler},
  title        = {Deforestation: Transforming Programs to Eliminate Trees},
  journal      = {Theor. Comput. Sci.},
  year         = 1990,
  volume       = 73,
  number       = 2,
  pages        = {231-248},
  doi          = {10.1016/0304-3975(90)90147-A},
  url          = {https://doi.org/10.1016/0304-3975(90)90147-A},
  timestamp    = {Wed, 17 Feb 2021 21:57:56 +0100},
  biburl       = {https://dblp.org/rec/journals/tcs/Wadler90.bib},
  bibsource    = {dblp computer science bibliography, https://dblp.org}
}

@Article{LutzeM24,
  author       = {Matthew Lutze and Magnus Madsen},
  title        = {Associated Effects: Flexible Abstractions for Effectful
                  Programming},
  journal      = {Proc. {ACM} Program. Lang.},
  year         = 2024,
  volume       = 8,
  number       = {{PLDI}},
  pages        = {394-416},
  doi          = {10.1145/3656393},
  url          = {https://doi.org/10.1145/3656393},
  timestamp    = {Sun, 19 Jan 2025 14:47:46 +0100},
  biburl       = {https://dblp.org/rec/journals/pacmpl/LutzeM24.bib},
  bibsource    = {dblp computer science bibliography, https://dblp.org}
}

@Article{MatacheLMSWY25,
  author       = {Cristina Matache and Sam Lindley and Sean K. Moss and Sam
                  Staton and Nicolas Wu and Zhixuan Yang},
  title        = {Scoped Effects, Scoped Operations, and Parameterized Algebraic
                  Theories},
  journal      = {{ACM} Trans. Program. Lang. Syst.},
  year         = 2025,
  volume       = 47,
  number       = 2,
  pages        = {8:1--8:33},
  doi          = {10.1145/3731678},
  url          = {https://doi.org/10.1145/3731678},
  timestamp    = {Thu, 07 Aug 2025 23:02:34 +0200},
  biburl       = {https://dblp.org/rec/journals/toplas/MatacheLMSWY25.bib},
  bibsource    = {dblp computer science bibliography, https://dblp.org}
}

@InProceedings{Staton13,
  author       = {Sam Staton},
  title        = {An Algebraic Presentation of Predicate Logic - (Extended
                  Abstract)},
  year         = 2013,
  booktitle    = {Foundations of Software Science and Computation Structures -
                  16th International Conference, {FOSSACS} 2013, Held as Part of
                  the European Joint Conferences on Theory and Practice of
                  Software, {ETAPS} 2013, Rome, Italy, March 16-24,
                  2013. Proceedings},
  pages        = {401-417},
  doi          = {10.1007/978-3-642-37075-5\_26},
  url          = {https://doi.org/10.1007/978-3-642-37075-5\_26},
  crossref     = {DBLP:conf/fossacs/2013},
  timestamp    = {Tue, 14 May 2019 10:00:55 +0200},
  biburl       = {https://dblp.org/rec/conf/fossacs/Staton13.bib},
  bibsource    = {dblp computer science bibliography, https://dblp.org}
}

@proceedings{DBLP:conf/fossacs/2013,
  editor       = {Frank Pfenning},
  title        = {Foundations of Software Science and Computation Structures - 16th
                  International Conference, {FOSSACS} 2013, Held as Part of the European
                  Joint Conferences on Theory and Practice of Software, {ETAPS} 2013,
                  Rome, Italy, March 16-24, 2013. Proceedings},
  series       = {Lecture Notes in Computer Science},
  volume       = {7794},
  publisher    = {Springer},
  year         = {2013},
  url          = {https://doi.org/10.1007/978-3-642-37075-5},
  doi          = {10.1007/978-3-642-37075-5},
  isbn         = {978-3-642-37074-8},
  timestamp    = {Fri, 15 Aug 2025 14:04:49 +0200},
  biburl       = {https://dblp.org/rec/conf/fossacs/2013.bib},
  bibsource    = {dblp computer science bibliography, https://dblp.org}
}

@InProceedings{Staton13instances,
  author       = {Sam Staton},
  title        = {Instances of Computational Effects: An Algebraic Perspective},
  year         = 2013,
  booktitle    = {28th Annual {ACM/IEEE} Symposium on Logic in Computer Science,
                  {LICS} 2013, New Orleans, LA, USA, June 25-28, 2013},
  pages        = 519,
  doi          = {10.1109/LICS.2013.58},
  url          = {https://doi.org/10.1109/LICS.2013.58},
  crossref     = {DBLP:conf/lics/2013},
  timestamp    = {Fri, 24 Mar 2023 00:01:50 +0100},
  biburl       = {https://dblp.org/rec/conf/lics/Staton13.bib},
  bibsource    = {dblp computer science bibliography, https://dblp.org}
}

@proceedings{DBLP:conf/lics/2013,
  title        = {28th Annual {ACM/IEEE} Symposium on Logic in Computer Science, {LICS}
                  2013, New Orleans, LA, USA, June 25-28, 2013},
  publisher    = {{IEEE} Computer Society},
  year         = {2013},
  url          = {https://ieeexplore.ieee.org/xpl/conhome/6570844/proceeding},
  isbn         = {978-1-4799-0413-6},
  timestamp    = {Fri, 15 Aug 2025 14:09:27 +0200},
  biburl       = {https://dblp.org/rec/conf/lics/2013.bib},
  bibsource    = {dblp computer science bibliography, https://dblp.org}
}

@InProceedings{WinantD18,
  author       = {Thomas Winant and Dominique Devriese},
  title        = {Coherent explicit dictionary application for Haskell},
  year         = 2018,
  booktitle    = {Proceedings of the 11th {ACM} {SIGPLAN} International
                  Symposium on Haskell, Haskell@ICFP 2018, St. Louis, MO, USA,
                  September 27-17, 2018},
  pages        = {81-93},
  doi          = {10.1145/3242744.3242752},
  url          = {https://doi.org/10.1145/3242744.3242752},
  crossref     = {DBLP:conf/haskell/2018},
  timestamp    = {Sun, 19 Jan 2025 13:16:26 +0100},
  biburl       = {https://dblp.org/rec/conf/haskell/WinantD18.bib},
  bibsource    = {dblp computer science bibliography, https://dblp.org}
}

@proceedings{DBLP:conf/haskell/2018,
  editor       = {Nicolas Wu},
  title        = {Proceedings of the 11th {ACM} {SIGPLAN} International Symposium on
                  Haskell, Haskell@ICFP 2018, St. Louis, MO, USA, September 27-17, 2018},
  publisher    = {{ACM}},
  year         = {2018},
  url          = {https://doi.org/10.1145/3242744},
  doi          = {10.1145/3242744},
  isbn         = {978-1-4503-5835-4},
  timestamp    = {Sun, 17 Aug 2025 20:31:42 +0200},
  biburl       = {https://dblp.org/rec/conf/haskell/2018.bib},
  bibsource    = {dblp computer science bibliography, https://dblp.org}
}